2817 4267
268 353 308 421 68
497 356 566 420 Da
605 357 913 432 Orator-ua,

268 465 385 547 potibs,
407 483 465 526 non
483 464 576 524 modi>
598 463 780 543 disputandi,
798 461 951 523 sedetiam
971 460 1156 526 vivendi-ra:

268 549 348 605 tione
368 544 494 605 sublatd?
513 567 525 628 ς
543 545 605 605 Nos
621 563 717 604 autem
731 590 739 616 ‚
754 563 784 604 ut
801 547 891 603 ceteri
910 546 965 604 alia
984 563 1083 618 certa,
1100 546 1155 607 alia

268 627 377 685 incerta
392 626 446 685 elle
460 627 580 698 dicunt,
600 629 636 685 sic
650 627 685 685 ab
700 628 733 684 iis
750 624 966 700 dissentientes,
984 619 1042 687 alia
1052 628 1156 708 proba·

269 706 359 779 bilia,
377 708 429 765 alia
441 728 499 765 non
514 708 672 786 probabilia
689 706 745 765 elle
759 707 908 766 dicimus.‘
995 729 1000 738 ·

310 786 338 845 8.
359 786 443 868 Quid
463 787 503 847 ell
521 791 606 869 igitur
624 833 635 859 ‚
653 789 734 867 quod
752 806 799 846 me
823 785 985 865 impediat,
1008 806 1071 860 ea,
1090 801 1154 867 qua

268 866 338 927 mibi
359 869 518 947 probabilia
541 870 693 927 vide'antur
715 913 721 935 ,
746 867 823 947 sequi
838 868 854 940 ;'
868 888 931 951 quae
952 885 1079 941 contra,
1100 871 1153 928 im·

267 950 412 1027 probare;
432 969 518 1028 atque
539 947 701 1009 affirmandi·
718 950 908 1029 arrogantiam
925 949 1090 1016 vitantem,
1108 947 1153 1008 fu·

266 1047 335 1109 gere
353 1032 565 1100 temeritatem,
588 1052 676 1111 quaea
696 1030 830 1113 sapientia
841 1028 963 1091 dissidet
974 1029 1152 1110 plurimlrm?

269 1127 369 1170 contra
388 1132 483 1171 autem
506 1116 602 1169 omnia
628 1110 786 1189 disputatur
806 1131 822 1167 a
843 1108 945 1169 nostris
963 1153 971 1178 ,
996 1112 1075 1189 qubd
1092 1109 1150 1171 hoc

266 1190 358 1271 ipsum
381 1192 530 1273 probabile
552 1192 666 1253 elucere
686 1213 745 1250 non
762 1189 852 1272 pollet
865 1228 884 1263 ,-
903 1191 958 1252 nisi
973 1210 1011 1249 ex
1032 1207 1150 1270 utraque

270 1282 352 1352 parte
374 1320 385 1346 ,
409 1273 554 1334 causarum
577 1271 645 1332 ellet
665 1272 737 1331 falla
757 1274 918 1332 contentio·
937 1269 997 1342 Sed
1018 1271 1078 1332 lrae'c
1100 1291 1148 1332 exe

269 1354 382 1433 planata
397 1353 458 1414 sunt
472 1355 490 1414 6
502 1356 531 1413 in
547 1354 726 1414 Academicis
742 1352 842 1411 nostris
858 1352 941 1422 satis,
962 1370 992 1411 ut
1006 1352 1149 1438 ¹arbitror,

269 1435 435 1514 diligenter.
451 1435 521 1495 Tibi
531 1452 645 1508 autem,
660 1437 697 1493 mi
712 1431 818 1494 Cicero
832 1478 840 1504 ‚
852 1453 1029 1514 quamquam
1040 1435 1069 1492 in
1079 1435 1149 1494 anti·

269 1518 407 1595 quissima
419 1517 653 1596 nobilissimaque
667 1512 858 1596 philosophia,
866 1512 1011 1594 Cratippo
1022 1514 1154 1586 audone,

268 1597 414 1666 versaris,
439 1600 471 1655 iis
492 1595 541 1655 sim
556 1598 636 1656 llirno
659 1598 707 1676 qui
727 1594 776 1654 ilia
797 1596 931 1673 praeclara
953 1614 1152 1676 pepererunt·;

267 1690 364 1735 tamen
385 1678 446 1737 baee
467 1677 577 1745 nostra,
597 1675 719 1737 finitima
736 1673 970 1757 vestris,ignola
987 1675 1045 1737 elle
1062 1676 1149 1738 nolui·

268 1753 326 1817 Sed
337 1754 393 1833 jam
406 1759 442 1817 ad
454 1759 579 1818 instituta
590 1778 752 1840 pergamus.

310 1836 363 1898 Ill.
376 1837 517 1921 Quinque
536 1843 620 1921 igitur
632 1837 790 1899 rationibus
802 1839 959 1918 propositis
974 1835 1066 1900 officii
1089 1859 1150 1919 per·

269 1916 429 2000 sequendi,
450 1941 570 2001 quarum
587 1920 650 1979 duae
671 1921 708 1978 ad
721 1920 810 1984 decus
829 1918 1070 2000 honestatemque
1083 1937 1151 2000 per·

270 2002 385 2073 tinent,
404 2002 466 2062 duae
487 2003 522 2061 ad
535 2000 693 2062 commoda
709 2002 776 2059 vitae
791 2044 800 2073 ,
817 2002 914 2081 copias
926 2043 936 2072 ,
948 2020 1043 2080 opes,
1060 2000 1157 2076 facul·¹

266 2087 344 2142 'tates
365 2085 492 2163 ,quinta
510 2083 546 2142 ad
570 2081 694 2163 eligendi
714 2079 876 2162 judicium,
902 2083 926 2140 si
952 2082 1070 2160 quando
1094 2101 1153 2153 ea,

221 2167 243 2234 ’ᾳ
265 2184 335 2244 quae
349 2163 409 2222 dixi
426 2184 553 2243 pugnare
573 2167 647 2222 inter
663 2161 691 2221 se
704 2162 889 2224 viderentur:
908 2160 1062 2222 honestatis
1084 2183 1151 2243 para

269 2242 402 2302 confetiri
413 2243 471 2317 est,
491 2263 578 2324 quam
596 2244 713 2323 quidem
726 2242 778 2302 tibi
791 2245 877 2324 cupio
893 2241 949 2303 esse
961 2244 1152 2306 notissimam.

271 2317 339 2385 Hoc
356 2341 451 2382 autem
473 2324 510 2384 de
530 2346 589 2405 quo
603 2345 677 2383 nunc
690 2324 817 2403 agimus,
836 2324 867 2384 id
886 2322 978 2404 ipsum
992 2321 1049 2395 eli,
1069 2324 1151 2406 quod

270 2404 340 2463 utile
352 2404 532 2483 appellatur:
554 2427 564 2465 1
579 2407 607 2463 in
621 2425 679 2483 quo
693 2402 770 2483 lapsa
789 2404 967 2465 consuetudo
981 2404 1103 2466 deflexit
1112 2406 1151 2466 de

270 2486 319 2546 via
341 2530 350 2552 .
371 2484 532 2567 sensimque
554 2487 590 2545 eb
613 2484 734 2545 dedudla
762 2484 823 2556 est,
855 2488 898 2545 ut'
913 2485 1096 2546 honestatem
1116 2486 1151 2546 ab

270 2566 391 2627 utilitate
408 2567 579 2639 secernens,
597 2569 628 2627 be
646 2564 832 2626 constitueret
847 2566 1001 2627 honestum
1018 2566 1076 2627 elle
1098 2569 1152 2627 ali·

269 2644 1152 2730 quid,quodutilenonellet;&utilequodnonhonellum:

270 2730 327 2811 qual
345 2730 420 2790 nulla
433 2732 574 2810 pernicies
593 2726 846 2803 majothominum
857 2730 923 2794 vitae
934 2732 1030 2806 potuit
1048 2729 1151 2792 afferri.

328 2831 373 2872 10.
395 2809 513 2871 Summa
529 2811 647 2890 quidem
671 2809 838 2869 auiloritate
866 2809 1029 2888 philosophi
1055 2811 1153 2872 severe

269 2889 1154 2974 sane,atquehoneste,bactriageneraztonfusa,cogita-·

269 2972 350 3029 tione
370 2971 561 3052 distinguunt:
578 2971 719 3051 quidquid
733 2974 811 3030 enim
827 2969 931 3048 jullutn
942 2974 998 3043 sit,
1016 2974 1047 3040 id
1067 2977 1152 3034 etiam

271 3051 341 3110 utile
359 3051 413 3111 elle
428 3051 543 3111 censent
557 3072 565 3121 ;
585 3054 712 3131 itemque
726 3050 967 3130 quodhonestum
982 3097 991 3125 ‚
1008 3053 1088 3114 idem
1100 3052 1153 3131 jus-

269 3148 330 3193 tum
342 3160 348 3195 :
360 3154 394 3194 ex
403 3154 462 3214 quo
474 3130 614 3205 efficitur,
626 3150 657 3191 ut
668 3134 830 3216 ‚quidquid
841 3131 992 3193 honestum
1003 3135 1041 3193 sit
1052 3179 1060 3207 ‚
1073 3135 1152 3196 idem

305 3255 315 3303 5
335 3238 385 3286 Nos
404 3252 488 3286 aurem.
505 3236 616 3286 Nimirum
630 3236 692 3285 Aca·
725 3236 774 3301 gri,
785 3237 823 3298 qui
836 3236 971 3288 Academici
983 3239 1139 3292 nominantur.

270 3304 366 3356 domici.
382 3302 419 3351 Ur
432 3305 507 3350 careri
518 3300 566 3353 leil.
583 3301 655 3352 Stoici
667 3300 692 3351 δι
760 3316 770 3350 1
784 3300 811 3348 In
821 3319 872 3366 quo.
884 3303 939 3367 Qua
951 3305 972 3351 in
983 3317 1018 3352 re.

268 3368 428 3431 Peripatetici.
505 3379 508 3384 ·
758 3365 1156 3430 2corfirfir.conmirrrainterie.

304 3432 356 3481 6Irr
368 3432 513 3481 Academicis
531 3427 621 3489 rostris.
637 3427 693 3481 Exs-
727 3430 752 3486 ὅ(
768 3443 885 3488 connexa.

234 3531 236 3535 f
270 3494 694 3566 tautlibriquatuor,lednouiute·
800 3515 805 3522 ¹

204 3665 299 3813 ἱ
