2817 4267
478 422 483 456 1
549 349 804 464 Lraeaffl
890 435 894 450 .
979 384 1126 465 “¹2M‘

250 515 253 520 '
270 509 323 572 lv.
334 509 393 571 Sed
404 554 414 582 ,
427 524 458 569 ut
476 505 668 579 Aristoteles,
686 507 732 565 vir
748 499 861 565 summo
875 502 1007 587 ingenio,
1022 505 1114 567 scien-

229 594 280 653 tiae
300 593 403 672 copia,
431 593 498 649 clim
522 607 619 648 motus
639 585 708 647 effer
735 585 867 647 Isocratis
894 589 1016 647 rhetoris
1045 589 1130 668 glo·⁵

228 676 276 735 ria
293 694 302 732 ι
322 676 418 732 dicere
432 674 519 730 etiam
534 671 624 749 coepit
641 666 841 728 adolescentes
857 668 980 740 docere,
1001 669 1033 728 δι
1048 691 1118 749 pru·

231 755 365 814 dentiam
388 772 454 811 curn
473 752 639 828 eloquentia
656 746 776 829 jungere
798 770 806 807 t
833 747 870 807 stc
897 750 981 809 nobis
1001 748 1117 829 placet,

195 871 198 876 -
231 855 288 894 nec
311 832 460 911 pristinum
484 830 598 890 dicendi
618 828 742 904 studium
761 829 927 909 deponere,
955 831 986 891 ὅ(
1014 828 1043 889 in
1061 832 1115 891 hac

230 912 347 988 majore
361 916 393 973 &
412 913 547 971 uberiore
559 926 619 970 arte
630 908 744 971 versari.
765 908 849 969 Hanc
865 912 942 968 enirn
960 909 1116 989 persedens
1133 944 1135 950 ·

230 993 448 1076 philosophiam
465 993 578 1072 semper
588 989 732 1062 iudicavi,
746 1011 810 1071 quae
823 992 860 1049 de
877 992 1009 1050 maximis
1022 990 1117 1072 quaes-

233 1076 361 1134 tionibus
386 1074 506 1152 copiosb
526 1070 638 1153 posset,
657 1071 817 1150 ornateque
840 1071 946 1130 dicere.
969 1070 1002 1129 ln
1028 1092 1116 1152 quarn

234 1155 470 1215 exercitationem
492 1154 531 1212 ita
552 1172 606 1211 nos
627 1152 754 1211 tludiosb
774 1171 892 1230 operam
911 1152 1064 1224 dedimus,
1083 1172 1117 1215 ur

191 1233 294 1315 >jam
315 1236 403 1295 etiam
421 1255 439 1293 2
457 1234 566 1292 scholas
582 1230 759 1318 xGraecorum
790 1251 871 1291 rnore
893 1232 1000 1292 habere
1030 1234 1117 1295 aude·

237 1335 353 1375 remus:
374 1332 405 1375 ut
418 1334 510 1395 nuper
528 1332 609 1373 tuum
626 1308 690 1393 post
710 1309 855 1380 discesl'unr
877 1312 907 1370 in
927 1311 1117 1387 Tusculano,

221 1398 304 1457 >clim
321 1394 409 1456 essent
425 1395 592 1474 complures
612 1411 728 1452 mecum
746 1391 920 1465 familiares,
946 1412 960 1475 3
986 1397 1120 1468 tentavi,

236 1477 308 1557 quid
328 1477 357 1535 in
382 1495 419 1536 eo
437 1495 545 1555 genere
564 1472 683 1553 possem.
703 1472 746 1532 Ut
778 1474 854 1532 enim
875 1476 1137 1535 antea-declami··
1219 1471 1237 1504 ·'

209 1562 211 1567 '
235 1558 332 1617 tabam
351 1557 469 1627 causas,
490 1555 571 1636 quod
589 1574 678 1613 nemo
697 1573 746 1613 me
763 1554 870 1613 diutibs
887 1552 957 1618 secit
973 1574 981 1613 :
1000 1548 1043 1616 stc‘
1057 1556 1119 1619 haec

236 1657 314 1697 nunc
327 1638 398 1698 milri
416 1636 510 1697 senilis
528 1634 568 1695 est
580 1633 762 1698 declamatio.
785 1632 896 1694 Ponere
906 1633 1061 1714 jubebant,
1080 1640 1120 1699 de

236 1738 298 1799 quo
309 1719 372 1797 quis
382 1720 481 1777 audire
492 1717 599 1776 vellet:
613 1716 650 1775 ad
667 1716 698 1773 id
711 1735 759 1774 aur
773 1713 891 1785 sedens,
907 1734 956 1775 aut
970 1721 1120 1781 ambulans

236 1798 430 1878 disputabam.
462 1796 608 1877 ltaque-4
633 1796 745 1854 dierum
767 1797 894 1875 quinque
915 1795 1058 1874 Scholas,
1087 1819 1122 1861 ut

235 1878 339 1941 Graeci
360 1878 530 1957 appellant,
553 1877 582 1934 in
606 1875 731 1935 totidem
755 1874 844 1934 libros
873 1879 992 1938 contuli.
1019 1880 1123 1941 Flebat

218 1976 337 2025 ,autern
352 1960 406 2030 ita,
427 1975 475 2031 ut,
491 1959 557 2016 clim
574 1956 661 2037 isqui
678 1954 775 2015 audire
790 1955 901 2028 vellet,
920 1957 1032 2020 dixisset
1052 1962 1127 2044 quid

195 2091 199 2098 .
235 2039 291 2100 sibi
304 2039 452 2099 videretur
464 2083 475 2112 ‚
487 2055 548 2096 turn
559 2056 615 2117 ego
629 2035 877 2097 contrltdicerenr.
888 2036 958 2097 Haec
971 2040 1012 2101 esl
1024 2048 1102 2104 enim
1110 2086 1123 2116 ,
1204 2075 1206 2080 ·

202 2176 205 2184 ,
236 2138 270 2186 ut
284 2118 354 2191 scis,
377 2118 510 2179 vetus&
521 2116 666 2178 Socratica
681 2117 755 2176 ratio
766 2134 866 2176 contra
878 2119 994 2180 alterius
1009 2125 1141 2204 opinio?
1206 2146 1208 2149 ·

183 2229 186 2234 ·
237 2220 309 2261 nem
321 2198 480 2259 disserendi
503 2219 511 2259 t
538 2218 606 2257 nam
628 2200 667 2256 ita
683 2195 825 2258 facillime
844 2200 913 2277 quid
929 2204 991 2261 veri
1008 2202 1124 2267 similli.

183 2315 187 2326 ·
236 2301 322 2343 munt
340 2279 429 2353 esset,
456 2280 578 2341 inveniri
597 2275 677 2358 posse
689 2280 822 2337 Socrates
844 2279 1042 2345 arbitrabatur.
1064 2285 1124 2349 Sed

236 2358 300 2443 qub
318 2360 502 2423 commodius
521 2358 730 2438 disputationes
750 2357 854 2418 noslrae
870 2364 1067 2440 explicentur,
1081 2368 1124 2430 sic

239 2462 292 2502 cas
306 2460 470 2521 exponam,
493 2443 575 2521 quasi
593 2453 690 2521 agatur
707 2458 775 2511 res,
807 2460 867 2499 non
887 2446 968 2523 quasi
985 2465 1123 2514 narretur.

237 2521 280 2585 Er
301 2544 320 2582 o
339 2525 378 2582 ita
397 2520 527 2581 nascetur
546 2521 728 2580 exordium·
1063 2551 1091 2570 -.
1139 2552 1144 2562 ·

183 2597 186 2606 ¹
316 2604 386 2662 .A.
414 2602 526 2660 Malum
547 2601 618 2659 mihi
640 2601 756 2661 videtur
776 2599 833 2662 elle
852 2622 941 2666 mors.
971 2609 1011 2668 M.
1036 2607 1125 2673 Hisne

183 2749 187 2756 ,
240 2684 410 2765 quimortui
421 2680 501 2752 sunt,
513 2681 712 2760 anhisquibus
723 2684 907 2743 moriendum
919 2685 978 2746 esi?
989 2691 1028 2749 A.
1039 2690 1127 2753 Utris·

283 2785 310 2823 e.
337 2766 383 2822 M.
414 2761 462 2821 Est
490 2764 626 2829 mierum
647 2763 754 2842 igitur,
781 2766 917 2843 quoniam
938 2768 1055 2830 malunt.
1082 2776 1126 2838 A,

183 2903 184 2908 ,
239 2786 344 2906 fferre.
374 2845 418 2902 M.
443 2841 520 2923 Ergo
538 2844 571 2903 ἃ
600 2844 620 2901 ii
638 2843 743 2923 quibus
768 2847 868 2905 evenit
889 2843 947 2923 jam
971 2867 1003 2909 ut
1024 2872 1127 2914 more·
1195 2869 1197 2873 ’

240 2922 366 2998 rentur,
392 2924 423 2983 &
440 2925 459 2982 ii
478 2923 582 3002 quibus
602 2938 775 2984 eventurum
794 2923 854 2996 est,
874 2926 979 2988 miseri.
995 2934 1035 2990 A.
1050 2929 1127 2995 Mihi

240 3004 425 3064 itauidetur.
450 3007 495 3062 M.
524 3003 623 3063 Nemo
649 3023 721 3083 ergo
742 3023 803 3062 non
832 3005 926 3067 miser.
947 3012 988 3069 A.
1012 3010 1128 3076 Prorsus
1166 3042 1171 3047 ⁴

241 3087 410 3146 nemo.'M.
433 3083 469 3143 Et
481 3084 622 3165 quidem,
647 3084 698 3145 1st
719 3084 771 3144 tibi
787 3085 918 3147 constare
936 3091 998 3160 vis,
1024 3114 1128 3157 omnes

278 3226 384 3277 rDr'crre
395 3229 480 3283 eriam,
492 3228 542 3278 &n
557 3226 669 3279 conniu-
688 3252 693 3257 ·
737 3240 749 3292 3
764 3227 878 3289 Traiani,
889 3236 1064 3297 arpertursum.

239 3292 313 3346 fison·
326 3291 405 3355 Cepit
417 3292 487 3352 ctiam
502 3293 590 3346 docere
610 3292 670 3345 ado·
737 3292 871 3353 aDierum,
882 3296 931 3349 &m
946 3299 993 3351 Ces
1008 3301 1131 3355 enrfetieng

237 3357 357 3422 sescentas
375 3354 464 3407 dicere.
703 3356 786 3409 durant
801 3358 853 3425 cinq
868 3359 940 3423 jours.

278 3421 407 3478 assulas.
423 3421 599 3485 disputationes,
618 3422 672 3487 gall.
740 3438 751 3476 1
765 3421 794 3476 Si
804 3423 861 3485 tibi,
873 3427 924 3480 &e
941 3426 962 3479 Si
974 3441 1034 3479 vous
1046 3432 1132 3487 voulea
1210 3463 1213 3467 ι

241 3486 287 3543 des
297 3485 452 3569 conserentes
460 3487 669 3562 philosophique*-
705 3488 755 3541 ltre
767 3486 879 3546 t'rccoru
887 3506 948 3547 avec
960 3504 1019 3548 vous
1030 3495 1118 3554 urente.
1148 3515 1152 3522 ·
1194 3510 1199 3518 ·
