2817 4267
305 404 345 467 28
543 404 614 469 Da
654 404 957 481 Οιιιψιόιις,Ι

302 508 418 581 nitatis,
439 527 556 569 omnent
573 499 779 571 humanitatem
797 511 972 591 repellentis.
985 508 1085 594 Itaque
1099 498 1194 595 prolis

242 655 246 659 ,
303 588 467 660 delinitura
478 587 582 659 Stoicis
593 589 756 665 fortitudo,
778 611 865 670 quum
880 612 943 651 earn
956 626 974 660 ,ι
985 594 1124 665 uirtutem
1137 594 1194 658 esse
1214 595 1218 604 '

302 668 403 729 dicunt
427 688 656 751 propugnantem
677 690 732 751 pro
751 670 1063 750 acquitate-‘Quocirca
1081 695 1194 752 nemo,

301 750 353 825 qui
360 749 537 810 fortitudinis
547 752 667 831 gloriam
678 749 846 829 consecutus
856 750 895 811 esl
905 752 1015 811 insidiis
1025 754 1057 814 &
1066 755 1191 832 malitia,
1212 757 1224 832 ἶ

228 875 230 880 .
299 828 417 890 laudern
435 828 475 890 esl
492 832 630 912 adeptus:
651 832 721 891 nihil
743 834 818 891 enirn
839 831 990 893 honestum
1003 831 1059 894 elle
1076 834 1199 916 potest,-

300 910 382 991 quod
396 910 500 989 justitia
512 928 604 973 vacat.
733 967 741 978 ,
1026 950 1029 954 -
1168 913 1225 982 '‘ff‘'

341 990 390 1071 63.
412 990 581 1051 Praeclarum
605 992 690 1071 igitur
718 990 846 1051 Platonis
864 991 959 1052 illud:
982 991 1054 1053 Non
1074 992 1192 1070 sellam}

298 1066 414 1150 inquit,
433 1071 549 1131 scientia
570 1092 633 1151 quae
657 1070 698 1132 est
719 1089 829 1133 remota
855 1093 871 1130 a
898 1069 1001 1150 justitia
1019 1116 1028 1144 ‚
1047 1071 1217 1138 calliditas·

297 1153 419 1229 potius,
438 1150 524 1232 quim
542 1154 677 1231 sapientia
692 1195 701 1224 ,
714 1152 758 1234 esl
770 1152 961 1233 appellanda3
978 1155 1082 1213 veriam
1098 1157 1188 1221 etiam

297 1232 411 1292 animus
431 1249 544 1312 paratus
561 1233 597 1292 ad
619 1233 798 1311 periculum,
823 1235 846 1291 si
860 1231 908 1291 sus
926 1232 1107 1313 cupiditate,
1125 1257 1186 1298 nou

296 1312 421 1372 utilitate
432 1316 598 1387 communi,
617 1314 794 1393 impellitur,
812 1313 1055 1392 audaciae'potiits
1074 1313 1185 1377 nometi

295 1391 419 1465 lrabeat,
442 1393 528 1475 quiam
542 1392 729 1454 fortitudinis.
748 1392 850 1473 ltaque
869 1395 948 1453 viros
965 1391 1056 1453 sortes
1074 1388 1210 1457 &mas

294 1475 464 1553 gnanimos‚
477 1473 594 1534 eosdem
604 1475 699 1533 bonos
710 1475 742 1535 ὅ(
754 1474 899 1553 simplices
912 1495 922 1546 ;
933 1475 1062 1533 veritatis
1073 1478 1200 1540 anticos·

201 1556 206 1563 ⁴
294 1553 473 1632 minimsque
489 1552 604 1626 sallaces
619 1554 674 1619 elle
686 1555 840 1615 volumus:
854 1572 874 1613 -1
888 1573 952 1635 quae
964 1552 1026 1614 sunt
1036 1574 1073 1615 ex
1085 1557 1185 1621 media

292 1632 518 1706 laudeiuslitiae.
915 1683 917 1685 .
1032 1704 1037 1709 .
1109 1704 1117 1714 ,
1164 1663 1167 1668 >

316 1713 385 1787 oa.
396 1711 452 1773 Sed
467 1714 538 1773 illud
554 1712 685 1774 odiosum
708 1714 769 1785 est,
786 1714 866 1794 quod
883 1714 911 1772 in
931 1714 983 1773 hac
1005 1713 1131 1778 elatione
1148 1716 1182 1780 dt

291 1794 489 1873 magnitudine
508 1795 615 1865 animi,
632 1794 770 1865 ,facillime
794 1794 948 1871 pertinacia
971 1795 1003 1855 &
1022 1797 1111 1865 nimia
1128 1818 1182 1858 cu.

292 1875 398 1954 piditas
408 1874 583 1956 principatus
597 1874 760 1935 innascitur.
776 1876 818 1935 Ut
838 1878 915 1934 enirn
934 1876 1009 1955 apud
1028 1875 1180 1942 Platonem
1223 1947 1226 1954 ,

290 1952 351 2027 ess,
370 1976 521 2017 aomnem
541 1976 654 2014 morem
665 1955 951 2018 La'cedaemoniorum
969 1955 1197 2025 inflammatum
1222 2001 1226 2012 .

290 2034 348 2096 elle
367 2036 701 2116 cupiditatenincendi3
725 2038 789 2107 sic,
813 2052 845 2095 ut
863 2034 981 2116 quisque
1007 2038 1095 2096 animi
1115 2059 1197 2099 mat-⁶
1214 2037 1226 2102 :s

244 2182 247 2187 .
288 2116 438 2197 gnitudine
456 2116 580 2176 maxime
602 2117 740 2183 excellit:
757 2117 794 2173 ita
813 2115 938 2176 maxime
959 2116 1021 2175 vult
1041 2120 1179 2198 princeps
1222 2125 1226 2169 '-

207 2198 219 2207 “
288 2198 444 2267 omnium,
469 2196 516 2255 vel
540 2198 634 2277 potius
662 2196 737 2256 solus
758 2194 825 2255 elle.
847 2194 975 2258 Difficile
993 2214 1091 2257 autem
1116 2199 1194 2275 esi,'
1218 2189 1226 2270 ,³

287 2275 378 2356 quum
396 2275 529 2355 praesiare
549 2275 683 2336 omnibus
702 2278 906 2353 concupietis,
926 2275 1039 2338 servare
1058 2282 1176 2360 aequitae
1218 2287 1221 2295 '

287 2372 349 2415 tem
371 2401 381 2429 ‚
400 2376 466 2435 quae
490 2354 531 2414 est
553 2354 664 2433 justitia
683 2355 806 2415 maxime
828 2358 953 2437 propria.
974 2355 1018 2415 Ex
1039 2380 1100 2437 quo
1121 2359 1175 2434 fit,
1215 2423 1217 2432 ,

286 2453 319 2495 ut
339 2455 435 2514 neque
465 2435 671 2516 disceptatione
697 2437 776 2496 vinci
798 2435 858 2508 se,
892 2456 945 2495 nec
973 2437 1032 2497 ullo
1053 2440 1175 2517 publico

285 2537 318 2578 ac
340 2517 470 2598 legitimo
487 2514 548 2592 jure
571 2518 737 2595 patiantur3
758 2514 953 2598 exsistuntque
976 2518 1004 2575 in
1026 2520 1181 2599 republica,
1212 2571 1226 2604 ,-

283 2598 456 2677 plerumque
478 2596 651 2677 largitores,
678 2598 710 2658 δι
736 2595 845 2657 salliosi
870 2639 882 2665 ,
911 2611 942 2656 ur
976 2617 1050 2675 opes
1079 2599 1176 2680 ‘quint
1216 2609 1226 2630 ³

283 2682 420 2737 maximas
442 2677 678 2756 consequantur,
698 2678 730 2737 &
754 2678 809 2736 sint
825 2678 855 2734 vi
873 2678 969 2754 potilts
991 2676 1174 2764 superiores,

282 2756 368 2855 quint
393 2756 501 2836 iustitis
518 2779 610 2837 pares.
631 2755 688 2817 Sed
705 2759 763 2835 qul>
784 2755 952 2828 difficilius,
977 2758 1032 2817 hoc
1052 2761 1172 2840 praeclav
1206 2765 1226 2822 ..a

280 2859 361 2979 stup:
379 2838 491 2907 nullum
514 2841 590 2906 enim
609 2854 725 2919 tempus
744 2836 807 2913 est,
829 2838 909 2919 quod
932 2835 1038 2917 juslitld
1065 2833 1185 2905 vacare
1207 2837 1226 2928 ’ζ

303 2937 396 2979 eear.
808 2947 812 2952 ·
928 2950 932 2956 ·
1080 2982 1083 2985 ,
1222 2939 1226 2953 “

270 3052 273 3059 ,
295 3050 298 3056 .
323 2998 371 3077 6ς.
384 2990 495 3059 *Fortes
516 2997 602 3079 igitur
621 2999 652 3059 dt
672 2993 846 3080 magnanimi
861 2997 924 3058 sunt
944 2996 1090 3074 habendi,
1110 3015 1172 3065 non

282 3080 332 3157 qui
354 3078 487 3151 faciunt,
508 3078 556 3138 sed
573 3081 621 3159 qui
640 3078 805 3159 propulsant
820 3078 963 3157 iniuriam.
979 3079 1059 3141 Vera
1075 3100 1171 3150 autern
1219 3075 1226 3140 ,¹

280 3157 443 3242 &sapiens
460 3159 547 3221 animi
560 3160 729 3241 magnitudo
742 3158 892 3221 honeslum
904 3160 973 3241 illud
985 3205 996 3234 ‚
1017 3164 1097 3243 quod
1109 3184 1171 3224 rna·

311 3302 321 3345 ι
344 3284 401 3354 Qua
415 3285 473 3351 fiant
493 3300 522 3333 ex
538 3286 613 3333 medr'a
632 3284 699 3332 laude
732 3286 831 3335 niorunr.
849 3284 925 3349 Quasi
946 3284 1035 3337 diceret
1052 3286 1167 3341 Lacedae.
1222 3283 1225 3288 '

234 3372 239 3381 ·
273 3350 376 3415 justitia.
393 3351 455 3413 Qua
474 3347 570 3400 virtutes
588 3349 616 3399 ad
627 3349 699 3415 ipsius
732 3350 827 3399 monios
857 3350 953 3399 omnino
985 3364 1014 3399 er
1046 3365 1114 3407 more
1139 3354 1166 3411 dt

275 3414 361 3482 justitia
373 3414 464 3467 lauden
480 3413 603 3477 pertinent.
733 3413 834 3472 inslituto
849 3413 1004 3468 inflammatos
1014 3414 1069 3471 elle·

308 3493 324 3540 2
342 3479 438 3532 Omnem
454 3496 539 3535 rnorem
554 3477 700 3529 Laccdamoe
