2817 4267
527 405 596 470 Da
635 406 891 473 Aur'crrrt.
1085 431 1145 497 aa,

265 509 286 573 ti
303 508 484 574 Coriolanus
509 514 609 575 habuit
635 516 766 589 amicat,
794 493 884 577 serre‘
897 525 998 577 contra
1022 517 1147 598 patriam

262 614 338 653 arma
359 595 401 655 illi
421 615 487 656 cum
509 595 670 658 Coriolano
689 595 842 658 debuere?
864 617 933 656 num
957 593 1147 658 Viscellinum

262 678 345 734 amici
365 695 488 758 regnum
501 693 709 760 appetentem,
735 698 804 740 uum
819 678 870 760 sp.
890 677 1022 740 Matium
1035 679 1147 741 debue-

261 773 326 815 runt
346 754 476 835 juratel

301 854 350 916 37.
369 837 441 917 Tib.
459 838 577 917 quidem
591 837 758 901 Gracchum
771 840 976 917 rempublicam
1000 861 1017 901 2
1037 861 1147 902 vexatr-

260 931 343 991 tetu,
366 942 383 978 a
405 917 449 998 Q.
470 918 650 992 Tuberone,
674 918 889 1001 aequalibusque
908 923 1007 981 amitis
1021 921 1150 983 derelic-

262 1016 321 1059 tum
339 999 524 1061 videbamus.
542 1001 583 1061 At
599 999 635 1061 G.
650 1000 786 1073 Blosiut,
798 998 968 1073 Cumanus,
982 1002 1087 1082 hospes
1101 1002 1147 1064 sa·

261 1082 347 1140 miliae
370 1080 493 1153 vestrae,
516 1081 665 1153 Scaevola,
688 1101 776 1161 quum
796 1082 833 1140 ad
860 1103 925 1148 me,
949 1086 998 1165 qui
1027 1085 1146 1145 aderam

259 1160 368 1221 Lenati
389 1163 419 1221 bt
439 1161 558 1241 Rupilio
579 1161 743 1222 consulibus
762 1181 776 1241 3
796 1162 824 1221 in
839 1163 983 1233 consilio,
1003 1164 1148 1243 depreca·
1204 1205 1209 1216 ι

260 1257 320 1302 tum
335 1240 476 1317 venisset,
488 1245 582 1313 hanc,
599 1261 630 1302 ut
649 1243 703 1301 sibi
722 1244 917 1323 ignoscerem,
938 1243 1054 1304 causam
1071 1243 1146 1304 alse-

262 1324 360 1394 rebat,
380 1325 461 1404 qubd
479 1328 551 1385 tanti
571 1323 639 1383 Tib.
655 1322 820 1384 Gracchum
841 1322 966 1394 fecisset,
988 1341 1036 1395 ut,
1057 1326 1145 1405 quid·

284 1405 332 1463 uid
348 1404 401 1465 ille
418 1406 528 1475 vellet,
556 1406 618 1479 sibi¹
634 1404 799 1464 faciendum
823 1423 945 1484 putaret.
965 1402 1042 1463 Tum
1062 1424 1145 1485 ego,

257 1424 416 1559 ¹btirtmtre,
428 1488 453 1546 si
463 1506 491 1546 te
503 1488 532 1546 in
544 1484 722 1565 Capitolium
734 1508 753 1560 4
763 1486 838 1545 lacet
848 1485 924 1546 setre'
935 1486 1045 1547 vellet?
1056 1490 1148 1548 Nem·

263 1566 928 1727 trituraturaltitu
943 1570 974 1711 t
990 1565 1148 1711 talu}

264 1724 350 1796 lecit,
373 1730 420 1789 vel
437 1729 502 1809 plus
521 1730 628 1796 etiam,
649 1728 735 1809 quim
756 1731 828 1789 dixit
846 1753 853 1789 ε
872 1751 931 1789 non
954 1733 1030 1790 enim
1049 1734 1144 1810 paruit

264 1808 313 1870 ille
325 1807 395 1869 Tib.
412 1807 536 1870 Gracchi
557 1812 732 1882 temeritati,
753 1808 802 1869 sed
825 1809 955 1889 ptaesuit;
975 1831 1027 1870 nec
1047 1810 1076 1870 se
1092 1833 1144 1872 co·

266 1892 364 1962 mirem
381 1890 459 1951 illius
478 1890 603 1963 suroris,
622 1891 671 1949 sed
695 1892 800 1964 ducem
820 1891 959 1968 prebuit:
981 1879 1078 1970 itique
1091 1891 1146 1952 hac

216 2007 220 2028 .-
259 1969 405 2042 amentii,
429 1991 443 2052 5
463 1971 617 2049 quaellione
630 1971 709 2030 novit
719 1975 886 2052 perterritus
898 2015 907 2043 ‚
919 1972 948 2029 in
966 1970 1065 2029 Asiam
1080 1993 1148 2051 pro-

265 2049 293 2109 su
312 2055 352 2123 it,
375 2052 412 2111 ad
425 2053 522 2113 hostes
536 2054 563 2111 se
576 2054 718 2123 contulit,
738 2072 840 2131 poenas
858 2051 1023 2131 reipublicae
1041 2071 1147 2130 graves

263 2072 402 2213 julasque
421 2132 569 2213 persolvit.
594 2134 679 2192 Nulla
692 2132 733 2192 est
753 2135 839 2212 igitur
857 2131 1148 2211 excusatio'peccati,'

266 2215 287 2272 ti
313 2216 402 2274 amici
423 2214 508 2274 causd
529 2217 719 2294 peccaveris:
747 2235 832 2281 nam,
855 2227 947 2295 quum¹
965 2215 1147 2274 conciliatrix

266 2296 395 2355 amicitiae
409 2297 524 2355 virtutis
545 2297 645 2375 opinio
661 2294 767 2366 suerit,
790 2292 907 2356 difficile
927 2294 968 2356 est
987 2296 1144 2357 amicitiam

264 2394 398 2446 manere,
427 2378 451 2435 si
468 2398 484 2435 a
503 2377 610 2435 virtute
627 2377 780 2436 defeceris.
857 2427 867 2439 .
1061 2389 1064 2394 '
1184 2385 1188 2390 '

302 2456 351 2539 38.
372 2456 467 2537 Qubd
487 2460 511 2517 si
530 2458 549 2518 6
565 2455 673 2516 rectum
686 2455 885 2528 statuerimus,
907 2458 956 2517 vel
976 2460 1144 2520 concedere

216 2603 218 2610 ,
266 2540 381 2611 amicis,
403 2538 543 2618 quidquid
561 2539 671 2610 velint,
692 2538 741 2596 vel
761 2542 916 2617 impetrare
935 2539 971 2597 ab
990 2542 1043 2611 iit,
1062 2542 1145 2619 quid·

265 2619 331 2700 quid
354 2618 498 2691 velimus,
521 2618 646 2699 persedit
670 2619 788 2699 quidem
812 2617 948 2697 sapientiai
973 2619 1088 2691 sumus,
1120 2622 1148 2680 si

265 2700 334 2761 nihil
343 2699 450 2759 habeat
466 2720 510 2760 res
520 2703 601 2774 vitii3
620 2699 834 2779 {elloquimur
852 2701 888 2759 de
908 2700 941 2757 iit
954 2701 1072 2770 amicis,
1091 2703 1142 2779 qui

264 2802 330 2844 anre
362 2782 466 2843 oculos
495 2779 577 2854 sunt,
610 2801 684 2864 quos
711 2781 865 2853 videmus,
895 2785 952 2848 aut'
973 2779 1011 2837 de
1037 2781 1143 2861 quibus
1167 2847 1170 2851 ,

263 2864 438 2924 memoriam
466 2864 649 2943 accepimus,
682 2879 741 2921 aut,
760 2881 833 2942 quos
856 2860 939 2920 novit
961 2860 1031 2918 'vita
1060 2882 1143 2920 com·

263 2949 375 3005 munis:
388 2965 423 3005 cx
435 2943 491 3003 hoc
502 2964 624 3003 numero
634 2943 719 3002 nobit
731 2943 863 3023 exempla
874 2941 1012 3001 sumenda
1021 2940 1099 3013 sunt3
1110 2944 1144 3001 dt

221 3065 223 3070 ·
262 3046 366 3086 eorum
386 3026 507 3106 quidem
529 3024 673 3098 maxime,
695 3025 746 3107 qul
770 3024 807 3084 ad
827 3022 993 3105 sapientiam
1009 3025 1162 3105 proxime.

256 3108 411 3168 accedunt.
871 3113 876 3120 “

258 3212 348 3273 debeat.
359 3213 430 3275 Quos
442 3207 625 3263 velutter'mltroa
643 3206 687 3258 tibi
751 3221 767 3266 4
781 3204 852 3256 Faces
860 3206 934 3272 ferre.
948 3206 986 3259 tu
997 3204 1146 3258 excitandum

257 3289 349 3343 potuere
365 3277 451 3328 debeat
461 3288 528 3327 amor
542 3274 564 3324 in
576 3273 688 3325 amicitia.
717 3273 861 3325 incendium.

292 3357 308 3392 2
333 3337 636 3406 ernterrt'lurbautem
655 3338 686 3389 le·
754 3352 765 3400 r
799 3334 1146 3407 ultramontanum

255 3406 324 3474 gibus
338 3404 443 3474 agrariis.
716 3402 848 3468 firmicus
861 3402 949 3455 Tiberii
965 3401 1078 3453 Gracchi.
1092 3433 1095 3438 ·

293 3471 354 3537 3In
373 3472 484 3523 consilio.
504 3471 543 3527 Ab
557 3469 685 3529 blutwu-
745 3469 768 3545 ι6
789 3465 894 3523 buum.
908 3465 994 3523 Iullum
1015 3479 1044 3521 uc
1065 3463 1145 3538 legiti-

255 3536 318 3592 lbrtt
333 3545 485 3596 convocatu.
718 3547 794 3595 mm,
908 3593 972 3680 hi
