2817 4267
580 355 761 446 Liuia
801 379 829 449 1.·
889 399 894 404 ·
1081 404 1145 470 ²97

252 512 311 574 que
330 490 392 552 vim
404 489 480 551 bene
492 488 615 551 vivendi
632 494 662 549 in
679 492 767 551 animi
786 490 894 552 robore
914 510 947 551 ac
968 488 1147 574 magnitudi-

256 595 309 643 ne,
338 576 372 635 &
391 574 420 631 in
438 574 571 634 omnium
598 592 694 633 rerum
715 574 904 634 humanatum
920 576 1142 656 contemptione

256 675 285 715 ac
309 654 519 735 despicientia,
541 654 572 715 δι
596 655 625 713 in
651 657 732 714 omni
752 656 862 717 virtute
910 676 1041 717 onamus.
1067 653 1146 718 Nam

256 756 333 797 nunc
365 734 486 816 quidem
514 734 739 816 cogitationibus
766 678 967 818 molestiffinris
994 734 1147 804 effemina-

256 837 345 889 mur;
365 834 416 887 ut,
427 818 451 875 si
463 816 530 876 ante
542 837 621 875 mors
631 816 791 891 adventet,
805 816 892 901 quint
906 839 920 900 3
935 816 1155 887 Chaldaeorum

255 897 396 979 promissa
415 896 562 958 consecuti
575 896 689 972 sumus,
712 899 825 995 spoliati
844 920 890 961 ma
910 900 953 960 nis
972 900 1145 982 quibuidam

253 981 362 1053 bonis,
382 978 480 1050 illusi,
500 977 685 1060 destitutique
702 982 865 1041 videamur.
884 920 978 1061 &uod
996 984 1020 1042 si
1038 1001 1145 1062 expec-

257 1062 348 1120 tando
368 1060 612 1121 &desiderando
638 1062 801 1141 pendemus
823 1064 939 1131 animis,
962 1063 1144 1135 cruciamur,

254 1144 407 1223 angimur:
429 1141 505 1221 proh
522 1141 561 1201 dii
572 1144 771 1217 immortales,
792 1142 879 1225 quim
891 1144 946 1205 iter
956 1143 1028 1205 illud
1040 1142 1144 1223 jucun·
1193 1193 1196 1197 .

256 1225 326 1283 dum
348 1220 404 1281 effe
432 1222 540 1293 debet,
560 1243 620 1302 quo
638 1223 796 1296 confefiio,
817 1226 895 1285 nulla
913 1225 1025 1305 reliqua
1053 1238 1146 1300 cura,

257 1304 334 1364 nulla
353 1303 517 1364 sollicitudo
538 1302 632 1362 futura
646 1305 703 1364 siti
726 1303 826 1383 Quim
845 1326 894 1366 mc
915 1304 1038 1366 delectat
1056 1303 1143 1366 The·

259 1388 411 1447 ramenesl
433 1383 520 1466 quarn
534 1385 612 1445 elato
625 1387 724 1446 animo
741 1384 782 1445 est
801 1387 809 1446 1
831 1385 893 1446 Etsi
911 1388 991 1452 enirn
1012 1386 1142 1459 flemus,

257 1470 324 1527 cinn
340 1467 480 1547 legimus3
498 1482 596 1525 tamen
616 1487 676 1528 non
686 1465 884 1544 miserabiliter
895 1470 940 1529 vir
949 1468 1042 1528 clatus
1055 1488 1143 1528 emo-

261 1550 354 1607 titur:
381 1549 450 1627 qui,
472 1548 538 1607 cium
558 1546 703 1626 conjecius
725 1551 755 1609 in
772 1569 918 1611 carcerem
939 1551 974 1609 tri
995 1550 1054 1610 inta
1067 1547 1158 1631 jussu.

259 1648 471 1709 tyrannorum,
498 1649 646 1690 venenum
677 1648 710 1692 ut
740 1629 838 1695 sitiens
867 1570 1147 1705 obduxiffietsreli·

260 1732 348 1790 quum
364 1712 404 1771 sic
420 1712 437 1769 ὲ
454 1711 561 1789 poculo
583 1710 687 1791 ejecit,
707 1729 739 1773 ut
750 1714 780 1773 id
792 1713 938 1775 resonaret
949 1736 957 1775 ι
970 1734 1029 1795 quo
1045 1711 1142 1776 sonitu

260 1794 391 1864 reddito,
408 1791 554 1865 arridens,
569 1795 708 1873 Propino,
722 1796 751 1852 in
774 1797 831 1865 uit,
850 1797 900 1853 hoc
909 1796 1021 1873 pulchro
1033 1796 1144 1867 Critiae,

261 1876 308 1953 qui
326 1874 355 1932 in
369 1894 436 1934 eum
447 1871 541 1932 fuerat
557 1876 734 1934 teterrimus.
745 1816 843 1936 (Ἱππεῖ
861 1877 938 1934 enim
955 1878 985 1934 in
997 1877 1144 1937 conviviis

262 1954 352 2015 solent
371 1957 543 2026 nominare,
562 1958 608 2014 cui
623 1956 763 2036 poculum
779 1954 909 2016 tradituri
927 1956 992 2020 sint.
1005 1955 1087 2015 Lusit
1100 1956 1146 2015 vir

263 2038 392 2118 egregius
410 2055 542 2098 extremo
555 2036 653 2115 spiritu
664 2058 673 2109 3
686 2038 754 2096 cum
768 2035 826 2116 jam
836 2038 1004 2117 precordiis
1016 2055 1146 2117 concep·

262 2136 317 2177 tarn
328 2138 454 2181 mortem
468 2120 645 2190 contineret,
655 2118 784 2198 vereque
797 2120 840 2193 ei,
853 2121 902 2199 qui
912 2137 1060 2178 venenum
1072 2137 1145 2197 prae·

261 2200 508 2273 buerat,tnortem
518 2197 558 2259 est
570 2218 634 2259 eam
643 2218 813 2279 auguratus,
822 2220 885 2281 quae
895 2199 979 2262 brevi
987 2198 1144 2261 consecuta

262 2280 318 2343 est..
330 2280 409 2360 Quis
425 2282 499 2341 ha'nc
511 2282 599 2340 animi
618 2282 735 2341 maximi
753 2284 916 2364 aequitatem
928 2284 958 2342 in
970 2278 1030 2362 ipsa
1044 2297 1145 2342 morte

260 2362 407 2434 laudaret,
420 2366 444 2423 si
454 2380 579 2423 mortem
588 2362 860 2440 malumjudicaret?
870 2364 959 2425 Vadit
965 2365 993 2424 in
1004 2364 1153 2434 eumdem,

260 2466 425 2515 carcerem,
450 2465 462 2501 1
488 2462 575 2524 atque
587 2446 616 2503 in
636 2445 773 2512 eumdem
786 2448 883 2523 paucis
900 2445 965 2524 post
980 2448 1060 2506 annis
1082 2450 1149 2525 [cy-⁴

260 2528 351 2604 phunt
370 2526 524 2595 Socrates;
545 2524 653 2583 eodem
671 2524 778 2583 scelere
796 2523 944 2601 judicum,
965 2544 1024 2604 quo
1039 2536 1149 2603 tyran&

258 2602 715 2681 norumTheramcnes.Quaeest
726 2607 811 2686 igitur
821 2604 1148 2685 ejusoratio,quitfacit

261 2707 333 2747 eum
342 2684 423 2743 Plato
434 2683 515 2742 usum
529 2684 605 2763 apud
615 2682 744 2762 judices,
754 2682 811 2763 jam
824 2701 919 2755 morte
931 2684 1107 2744 multatum?

300 2764 379 2826 XLI.
401 2769 512 2847 Magna
532 2787 589 2835 me,
615 2766 729 2845 inquit,
746 2765 912 2846 spernente,
934 2762 1148 2847 judices,beue
1181 2785 1183 2790 ·

263 2852 332 2910 milri
350 2849 473 2920 evenire,
503 2847 576 2925 quod
595 2848 689 2906 mittar
705 2851 744 2907 ad
758 2864 876 2908 mortem.
897 2846 1005 2928 Neceffe
1026 2850 1060 2929 est
1078 2847 1152 2907 enim

258 2936 297 3010 fit
318 2932 432 2990 alterum
448 2933 480 2989 de
495 2931 599 2989 duobus
607 2952 619 3002 ,·
640 2947 670 2989 ut
689 2928 841 3009 autsensus
856 2930 966 2991 omniuo
979 2950 1048 2988 more
1059 2949 1151 2989 omnes

262 3011 387 3091 auftrat,
406 3014 497 3071 autin
510 3012 595 3070 alium
614 3014 754 3090 quemdam
768 3014 856 3073 locum
873 3029 954 3073 morte
971 3032 1007 3071 ex
1026 3010 1151 3082 hislocis

262 3098 394 3174 migretur.
422 3094 619 3172 Quamobrem,
638 3095 697 3172 five
724 3094 821 3173 sensus
853 3095 1041 3175 extinguitur,
1069 3090 1153 3170 mors·

262 3198 311 3256 qut
323 3178 348 3234 ei
355 3174 453 3253 somno
461 3175 565 3253 fimilis
579 3177 629 3254 est,
644 3176 691 3254 qur'
703 3196 897 3256 nonnunquam
917 3178 998 3237 etiam
1009 3178 1069 3256 fine
1083 3171 1154 3252 vifis.

297 3326 489 3389 3chaldaeomm.
501 3325 544 3375 Les
556 3322 693 3375 Chaldtem
727 3337 806 3389 vogue
821 3326 903 3391 tupris
920 3327 961 3379 des
975 3328 1071 3381 inibies.

245 3432 248 3437 .
266 3392 482 3459 passoientpoutlcs
490 3392 602 3456 premiere
614 3390 694 3439 Astro·
763 3391 859 3455 ideque
874 3395 899 3439 in
918 3397 1019 3443 eumdem
1032 3392 1154 3460 scyphum,

270 3471 363 3509 nomes.
373 3459 442 3507 Ceur
469 3455 490 3505 ui
507 3456 529 3506 se
540 3454 651 3506 neloient
665 3454 696 3505 de
729 3454 758 3506 Et
769 3454 784 3505 ii
800 3456 832 3505 cit
849 3456 980 3513 contante
992 3460 1005 3509 a
1016 3459 1084 3515 boire
1099 3458 1156 3518 dans

270 3471 657 3589 l'Aiirologicjuiiciaiteatoicnt
674 3520 697 3574 la
730 3521 937 3589 taneneeoupe.

932 3588 999 3656 Nv

989 3651 999 3676 ἱ
