2817 4267
482 382 553 449 De
595 385 881 449 Senectute.
1063 369 1121 466 ado
1229 417 1236 434 κ

236 512 388 578 quumque
412 494 524 554 homini
551 494 614 553 sive
632 510 755 567 natura,
778 495 841 554 sive
871 492 934 572 quis
957 490 1029 552 deus
1052 494 1125 553 nihil

182 621 183 630 η
234 596 336 638 utente
362 573 551 656 praestabilius
573 571 715 645 dediffe13
745 575 810 632 huic
833 572 934 633 divino
955 577 1069 634 muneri
1088 597 1122 636 ac
1222 575 1227 584 '

233 657 317 720 douo
339 655 410 716 nihil
428 653 484 717 esse
497 672 556 715 tam
579 656 747 724 inimicum,
759 653 847 735 quim
865 653 1058 733 voluptatem.

231 765 233 770 ·
255 737 257 742 ’
273 757 328 813 41.
347 736 413 798 Ner
430 738 508 797 enim
529 734 648 794 libidine
669 735 837 794 dominante
855 737 1053 813 temperantiae
1076 735 1125 796 lo·

233 835 303 882 eum
323 815 400 892 esle3
419 836 514 889 neque
528 818 649 884 omnino
666 834 684 873 2
699 817 729 874 in
749 816 907 895 voluptatis
926 835 1016 897 regno
1029 818 1123 878 virtu-

233 916 297 1040 pem
316 896 398 1038 pplle
416 895 599 1036 consisteres:
619 895 900 1036 quodqubbpttagits²
915 896 1034 1035 ipatelligi
1053 919 1126 979 pos·¹

234 996 1126 1140 iimrl‘trssllll,²1¹qllil'ltssnr’polrlssllll
1160 1104 1164 1112 .

235 1142 346 1212 nemini
364 1139 499 1202 censebat
517 1139 581 1199 lore
598 1139 738 1210 dubium,
758 1142 827 1220 quin
845 1139 976 1210 tamdiu,
995 1141 1064 1201 dum
1085 1144 1125 1200 ita

234 1220 398 1303 gauderet,
424 1221 496 1281 nihil
516 1221 623 1300 agitare
654 1237 776 1292 mente,
804 1218 875 1278 nihil
894 1221 1025 1289 ratione,
1052 1221 1136 1282 nibil·

234 1295 416 1446 3ξὲἷῖἷὲῗῖ
433 1299 572 1461 ‘llil
593 1297 1128 1464 {llilillllllllliplissil

419 1425 429 1455 ί
774 1426 783 1450 9

237 1465 261 1526 si
275 1464 396 1545 quidem
408 1481 463 1533 ea,
486 1482 576 1543 quum
591 1459 685 1539 major
702 1459 772 1522 effer
783 1478 871 1542 atque
887 1463 1022 1544 longior,
1036 1429 1128 1526 omne,

235 1545 437 1625 auimi'lumen
456 1543 661 1624 exstingueret.
678 1541 750 1604 Hac
771 1562 838 1603 cum
858 1539 895 1604 C.
914 1542 1020 1604 Pontio
1041 1543 1127 1604 Sam·
1150 1567 1153 1572 ·

236 1627 319 1696 nite',
350 1642 432 1707 patre
451 1622 531 1703 ejus,
567 1644 592 1694 a,
605 1644 687 1703 quo,
715 1644 729 1705 3
759 1620 897 1684 Caudino
923 1625 1048 1704 proelio,
1074 1623 1127 1708 Sp.

235 1703 401 1768 Postumius
421 1705 455 1766 δι
473 1702 514 1765 Τ.
530 1702 668 1763 Veturius
683 1702 816 1763 consules
835 1703 958 1785 superati
973 1705 1055 1780 sunt,
1076 1709 1127 1768 lo·

236 1783 1127 1866 cutumArehytam,NenrcbusTarentinut‚hospernoster,

184 1901 186 1906 ·
235 1868 327 1948 quiin
342 1866 468 1928 amicitia
484 1866 585 1947 populi
596 1862 721 1924 Romani
731 1863 946 1945 permanserat,
959 1866 986 1925 se
1000 1888 1017 1926 a
1032 1867 1128 1947 majo-

234 1948 314 2009 ribus
334 1965 403 2008 natu
420 1944 559 2027 accepiffe
574 1945 709 2019 dicebat,
724 1963 813 2026 quum
846 1947 945 2005 uidem
960 1947 987 2007 ei
999 1946 1126 2008 sermoni

221 2025 406 2098 ,interfuiss'et
418 2026 699 2101 Platotitheniensis
709 2046 719 2099 ;
730 2045 817 2102 quem
857 2043 989 2087 arentum
1001 2027 1126 2106 veniffe,

235 2107 270 2172 l..
286 2107 432 2180 Camillo,
452 2107 554 2188 Appio
569 2104 695 2167 Claudio
713 2105 896 2177 consulibus,
918 2110 1044 2189 reperio.

275 2209 330 2266 42.
357 2187 510 2270 Quorsum
530 2186 614 2247 haec?
634 2204 666 2246 ur
687 2186 872 2269 intelligatis,
896 2188 920 2248 si
941 2185 1125 2272 voluptatem

234 2269 380 2353 aspernari
394 2269 506 2334 ratione
526 2266 712 2348 &sapientia
729 2289 789 2328 non
809 2267 973 2351 poliemus,
990 2291 1037 2332 ma
1058 2294 1126 2338 nam
1199 2325 1205 2331 .

235 2351 400 2414 habendam
416 2349 552 2410 seneiiuti
568 2349 710 2430 gratiam,
723 2371 786 2431 quae
800 2347 945 2424 efficeret,
966 2369 997 2414 ut
1014 2293 1056 2414 inf
1064 2375 1126 2417 non

235 2433 358 2506 liberet,
380 2431 461 2515 quod
480 2451 539 2491 non
557 2446 719 2509 oporteret.
739 2430 866 2510 Impedit
878 2434 957 2491 enim
970 2435 1127 2513 eonsilium

235 2513 307 2578 volu
331 2532 394 2586 tat,
410 2512 512 2572 rationi
522 2511 638 2570 inimica
656 2509 716 2582 est,
727 2532 761 2571 ac
774 2514 878 2571 mentis
899 2511 951 2594 (ut
962 2515 999 2574 ita
1009 2514 1125 2597 dicam)

234 2615 293 2678 prae
323 2592 539 2676 ringitoculos,
558 2591 711 2651 nechabet
729 2591 898 2652 ullumcum
910 2593 1017 2674 v'irtute
1037 2591 1127 2672 ‘come

234 2675 390 2738 mercium.
410 2673 523 2735 Invitus
542 2672 659 2752 quidem
682 2670 760 2742 feci,
786 2691 818 2731 ut
840 2671 991 2733 fortissimi
1010 2675 1067 2735 viri
1085 2674 1126 2738 Τ.

232 2755 388 2826 Flaminini
400 2753 518 2815 fratrem
528 2774 548 2827 4
559 2753 591 2813 L.
600 2751 795 2812 Flamininum
816 2773 842 2820 e,
851 2752 948 2813 senatu
968 2752 1127 2834 ejicerem,

234 2836 350 2918 septem
372 2838 452 2895 annis
470 2833 622 2915 postquam
645 2831 746 2893 consul
765 2831 857 2894 fuillet
874 2856 881 2895 :
897 2832 947 2893 sed
965 2838 1125 2900 notandam

235 2919 339 3059 putavi
357 2916 518 2976 libidinem.
532 2912 586 2974 Ille
604 2916 681 2973 enim
694 2934 784 3053 puum
802 2911 871 2975 ellet
883 2915 1001 2987 consul,
1014 2918 1042 2977 in
1053 2911 1127 2982 Gal.

258 3021 274 3059 a
293 3014 428 3072 exoratus
447 2999 477 3057 in
496 2995 639 3056 convivio
658 3016 674 3053 a
708 3013 791 3055 corto
814 2993 877 3067 est,
901 3014 931 3056 ut
952 2997 1043 3058 securi
1055 2998 1126 3070 feti·

234 3097 281 3142 rer
299 3080 425 3159 aliquem
442 3097 564 3144 eorum,
585 3076 683 3155 quiin
703 3075 827 3136 vinculis
850 3075 940 3164 effent
961 3077 1087 3142 damnati
1107 3101 1122 3166 ς

228 3161 279 3233 rei
293 3159 425 3242 capitalis
442 3180 450 3219 ε
474 3157 522 3219 bic
538 3153 612 3219 Tito
624 3154 710 3216 fratre
731 3156 782 3219 suo
801 3157 921 3219 censore
939 3157 1009 3243 (qui
1025 3163 1126 3244 proxi·

264 3285 283 3380 ιι
299 3325 329 3378 In
346 3327 475 3393 voluptatis
497 3315 577 3408 reputt..
607 3321 664 3376 Do·
730 3324 798 3385 4L.
821 3323 989 3384 Flamininum.
1012 3328 1074 3383 vide
1090 3327 1126 3387 su·
1164 3305 1169 3316 Ι

232 3391 507 3509 mmagberrdviblouptrffiio.
525 3452 564 3508 Atl
587 3453 664 3509 furcas
697 3402 742 3514 pras
756 3404 824 3503 ciiii
849 3457 883 3506 Ca
899 3401 977 3511 italis.
1017 3457 1126 3516 Criminis

217 3472 355 3590 ,cabdinar
368 3526 391 3576 ln
405 3476 510 3578 inuria.
697 3528 774 3575 morte
799 3475 898 3589 dignis

913 3586 945 3655 H
