2817 4267
321 411 417 483 5¹².
549 379 963 453 Tuscuanuanutu

317 500 380 570 set,
401 497 555 558 exornavit
575 516 640 557 eant
662 493 829 569 Graeciam,
852 517 917 577 quae
936 514 1045 577 magna
1066 493 1212 571 diesen,

318 584 352 645 δι
370 581 523 662 privatim,
537 579 570 639 &
588 576 725 658 publice,
755 575 984 657 praestantissimis
1002 576 1207 650 &'institutis,

317 663 352 723 &
371 662 500 722 artibus:
522 658 605 737 cujus
629 658 667 717 de
698 656 845 737 disciplina
871 659 950 717 aliud
973 676 1097 739 tempus
1125 659 1205 720 suerit

313 741 429 803 sortasse
451 739 577 801 dicendi.
601 736 661 822 Sed
676 737 713 797 ab
732 741 849 821 antiqua
869 738 1057 820 philosophia
1070 739 1203 822 usquead

317 822 491 895 Socratem,
529 822 579 901 qui
605 820 783 881 Archelaum
819 821 1002 899 Anaxagorae
1038 820 1205 903 discipulum

316 905 465 976 audierat,
489 898 652 975 inumeri,
670 900 826 982 motusque
846 900 1057 975 traiiabantur,
1081 904 1114 965 &
1137 905 1206 963 uude

317 987 416 1045 omnia
442 985 609 1054 orirentur,
629 980 729 1061 qudve
751 982 939 1045 reciderentt
964 979 1157 1065 studiose'que
1175 986 1203 1044 ab

312 1066 359 1126 his
377 1065 503 1127 siderum
526 1064 760 1144 magnitudines,
778 1064 953 1136 intervalla,
973 1063 1075 1124 cursus
1105 1067 1203 1147 anqui-

316 1148 475 1218 rebantur,
495 1146 528 1207 &
544 1142 643 1205 cuneta
664 1143 800 1205 coelestia.
824 1142 959 1205 Socrates
976 1163 1080 1205 autem
1101 1149 1201 1227 primus

314 1228 527 1311 philosophiam
535 1225 718 1286 devocavitl
729 1226 856 1296 caelo,&
865 1228 895 1285 in
905 1225 1028 1285 urbibus
1037 1228 1201 1297 collocavit,

316 1312 351 1372 ἃ
364 1312 397 1369 in
413 1312 517 1371 domos
529 1309 616 1367 etiam
635 1308 813 1378 introduxit,
835 1308 868 1368 ἃ
879 1309 995 1387 codgit,
1017 1308 1057 1367 de
1075 1312 1157 1379 vita,
1176 1310 1200 1370 &

315 1393 467 1463 moribus,
495 1388 636 1468 rebusque
657 1389 759 1457 bonis,
783 1390 816 1449 δι
839 1389 922 1448 malis
942 1407 1089 1470 querere.
1116 1389 1197 1467 Cujus

288 1497 292 1502 ·
314 1473 471 1553 multiplex
489 1472 563 1530 tatio
580 1470 627 1540 dis
645 1470 762 1543 utandi,
779 1490 934 1550 rerumque
952 1471 1101 1543 varietas,
1120 1474 1151 1533 δι
1164 1475 1197 1530 in·

313 1556 393 1634 genii
406 1552 598 1633 magnitudo,
623 1492 756 1610 l‘latonis
772 1551 916 1612 memorii
935 1550 968 1611 δι
985 1550 1082 1612 literis
1106 1552 1176 1613 conl
1186 1582 1197 1599 ·

311 1652 411 1704 crata,
439 1656 455 1692 2
478 1633 560 1711 plura
579 1650 686 1713 genera
705 1629 801 1691 effecit
820 1630 1050 1694 dissentientium
1074 1634 1172 1714 philos
1186 1666 1197 1682 ·

313 1715 466 1795 phorum:
489 1714 506 1772 ὲ
532 1712 635 1792 quibus
652 1733 707 1772 uos
734 1712 764 1771 id
787 1711 963 1793 purissimum
986 1713 1141 1779 consecuti
1159 1716 1196 1775 su·

311 1802 402 1868 mus,
425 1811 485 1875 quo
495 1791 644 1853 Socratem
666 1792 749 1854 usum
767 1794 956 1865 arbitramur,
985 1815 1000 1876 3
1026 1813 1059 1855 ut
1075 1798 1196 1857 nostram

309 1878 370 1959 ipsi
387 1876 555 1937 sententiam
569 1894 751 1957 tegeremus,
764 1895 863 1936 errore
880 1876 953 1935 alios
967 1875 1157 1951 levaremus,
1171 1881 1196 1940 dt

310 1961 343 2022 in
362 1960 444 2020 omni
468 1956 680 2037 disputatione,
709 1956 790 2037 'quid
813 1954 883 2017 ellet
912 1957 1093 2018 simillimum
1118 1963 1194 2031 veri,

310 2060 517 2122 quereremus.
535 2036 639 2117 Quem
659 2057 775 2097 motem
794 2038 861 2097 ciem
881 2035 1050 2099 Carneades
1065 2044 1195 2101 acutissi-

311 2122 361 2182 me
372 2120 632 2214 copiosissimeque
644 2115 793 2191 tenuisset,
804 2116 925 2186 fecimus
936 2120 968 2180 ἃ
978 2120 1049 2180 aliis
1062 2121 1155 2201 saepe,
1168 2125 1193 2184 ὅ(

310 2223 404 2281 nuper
414 2205 443 2261 in
455 2199 640 2270 Tusculano,
650 2219 682 2259 ut
693 2200 729 2259 ad
745 2221 809 2260 eam
820 2199 1058 2262 consuetudinem
1075 2202 1194 2285 disputa·

308 2303 408 2341 remus
423 2304 430 2341 :
450 2281 635 2361 &quatridui
648 2280 766 2362 quidem
779 2281 942 2341 sermonem
953 2281 1153 2363 superioribus
1163 2284 1194 2345 ad

305 2381 338 2426 te
360 2360 549 2443 perscriptum
562 2360 640 2419 libris
654 2362 805 2423 misimus:
821 2364 922 2442 quinto
943 2384 1042 2425 autem
1061 2367 1112 2425 die
1130 2369 1193 2426 clun

306 2444 415 2512 codem
427 2445 456 2502 iu
470 2443 538 2502 loco
558 2440 806 2516 consedissemus,
817 2445 858 2503 sic
876 2443 916 2505 eli
929 2447 1137 2528 propositum,
1160 2450 1193 2508 de

306 2547 368 2608 quo
390 2523 610 2604 disputaremus.
691 2541 697 2546 ·

348 2606 388 2665 V.
407 2608 449 2667 A.
477 2606 547 2665 Nou
567 2604 638 2665 mihi
655 2604 773 2665 videtur
786 2607 825 2688 ad
847 2606 932 2667 beate
954 2609 1119 2671 vivendum
1133 2608 1191 2671 satis

304 2686 386 2769 posse
408 2690 556 2747 virtutem.
579 2689 625 2746 M.
645 2686 686 2746 At
707 2688 824 2749 hercule
843 2688 934 2748 Bruto
964 2710 1034 2750 meo
1056 2695 1189 2754 videtur:

304 2769 389 2848 cujus
414 2789 471 2849 ego
500 2766 655 2849 judicium,
680 2789 750 2847 pace
768 2769 816 2831 tuai
837 2770 978 2843 dixerim,
1001 2773 1096 2854 longe
1112 2794 1190 2836 ante·

303 2871 388 2929 pono
397 2868 460 2909 tuo.
470 2853 512 2909 A.
521 2848 590 2908 Non
603 2849 724 2922 dubito,
740 2870 795 2910 nec
808 2850 838 2909 id
850 2872 925 2910 nunc
940 2854 1051 2932 agitur,
1064 2873 1096 2913 tu
1109 2857 1186 2917 illum

303 2933 445 3011 quantum
461 2950 558 2990 ames:
575 2927 625 2988 sed
635 2930 714 3001 hoc,
730 2932 812 3010 quod
831 2931 902 2991 mihi
914 2933 974 2994 dixi
986 2934 1103 3010 videri,
1118 2959 1186 3019 qua·

301 3013 333 3071 le
347 3005 384 3071 sii
402 3034 410 3071 a
432 3012 470 3069 de
494 3009 585 3089 quod
605 3027 636 3069 te
651 3010 786 3088 disputari
800 3013 883 3074 volo.
904 3015 950 3073 M.
964 3013 1085 3090 Nempe
1103 3038 1184 3099 negas

301 3092 341 3152 ad
360 3092 444 3152 beate
463 3090 625 3149 vivendum
647 3088 710 3149 satis
731 3112 819 3173 posse
831 3095 1001 3156 uirtutem?
1016 3101 1057 3157 A.
1072 3097 1183 3159 Prorsus

302 3192 391 3255 nego.
402 3176 446 3237 Μ,
457 3168 562 3255 Quid?
578 3172 615 3232 ad
629 3171 724 3247 teile,
744 3172 881 3250 honeste,
900 3176 1100 3252 laudabiliter,
1120 3178 1182 3263 pos·

334 3273 534 3329 tNumeri‚&c.
543 3271 573 3324 La
583 3274 727 3339 philosophie
760 3274 891 3330 differentes
914 3278 996 3335 scetes.

298 3338 522 3396 secontemoitde
544 3339 621 3393 uniter
649 3340 725 3390 dela
794 3340 990 3407 3Utnostram,
1008 3346 1136 3402 &west
1153 3346 1177 3397 de
1222 3349 1225 3356 ·

295 3405 389 3458 seleuce
410 3404 452 3456 (les
473 3402 605 3459 nombres.
636 3404 661 3455 ἃ
681 3404 724 3456 des
758 3419 788 3458 ne
809 3421 851 3472 pas
880 3407 1005 3462 decouvrir
1026 3425 1096 3465 notre
1121 3413 1177 3464 senti·

295 3470 413 3538 principes
430 3468 462 3519 du
479 3470 709 3530 mouvemeut‚&c.
758 3472 1177 3535 ment,rletlrer10;gmse,de
1222 3521 1225 3532 Ι

326 3532 723 3601 2ΡΙιινιμιιιτα,,8ιτ.Έίῑιὶᾱίῐῐε
755 3534 859 3604 l’etteur,
1222 3557 1225 3584 ÷

1084 3609 1176 3673 tremb

230 3735 318 3783 -n
344 3689 346 3693 Ι
553 3751 558 3759 ·
840 3755 843 3760 ’
1033 3741 1067 3798 Q
