2817 4267
354 448 356 452 .
434 395 959 462 tricaricunnue
1097 397 1135 463 ὼ

251 503 291 586 qri
308 493 421 567 eorum
438 505 582 588 cuipiam,
613 505 663 586 qui
691 526 749 566 una
778 506 1003 579 latrocinantur,
1026 500 1138 565 lucatur

245 586 375 669 aliquid,
404 604 454 647 aut
477 588 585 669 eripit,
609 587 634 647 is
651 586 708 647 sibi
731 606 770 647 ne
792 588 823 647 in
844 586 997 649 latrocini·
1015 584 1137 667 quidem

242 669 381 751 relinquit
400 669 520 744 locum3
533 667 583 728 ille
595 684 713 741 autem,
725 669 776 749 qui
795 688 809 750 3
828 668 996 751 archipirata
1013 668 1137 742 dicitur,

240 751 293 811 nisi
313 750 504 833 aequabiliter
525 749 655 830 praedam
679 748 851 838 dispertiat,
871 768 919 809 aut
939 748 1085 824 occiditur
1118 768 1137 810 a

240 829 344 905 sociis,
362 848 418 891 auc
436 830 608 913 relinquitur
620 852 629 890 ι
641 832 712 913 quin
729 832 817 892 etiam
827 830 907 913 leger
917 815 1062 904 lattfim
1075 827 1136 891 elle

243 911 376 974 dicuntur
387 957 396 981 ,
408 912 516 993 quibus
530 929 665 993 pareant,
675 933 747 994 quas
757 909 925 973 observent.
935 910 1036 995 ltaque
1046 932 1135 994 prop·

246 993 478 1075 teraequabilem
497 994 603 1073 praedae
657 995 826 1065 rtitionem,
845 994 878 1055 δι
898 991 1033 1075 Bardylis
1055 994 1134 1075 llly-

245 1075 297 1135 riur
309 1075 412 1146 latro,
434 1095 457 1151 4
478 1073 516 1134 de
529 1094 615 1157 quoe
653 1075 731 1156 apud
743 1073 831 1135 Theo
854 1094 992 1156 ompum,
1012 1094 1132 1158 magnas

244 1175 311 1238 oper
327 1156 457 1231 habuit;
485 1156 520 1217 &
544 1156 638 1217 multo
666 1153 793 1238 majores
844 1157 942 1217 iriatua
960 1155 1133 1232 Lusitanur;

244 1235 1133 1407 ιιιιιι,ιιιέιιιῑιῑέιιςιιῑ·

348 1365 358 1380 ·
672 1361 681 1388 t
731 1364 740 1393 t
1119 1360 1131 1392 t

245 1418 349 1481 petor
366 1398 456 1483 fregit
476 1398 510 1461 &
531 1401 722 1473 comminuit,
749 1399 991 1481 ferocitatemque
1011 1418 1073 1477 ejus
1092 1401 1131 1459 ita

245 1482 398 1561 repressit,
427 1498 460 1541 ut
487 1478 573 1541 facile
594 1482 842 1565 bellumreliquis
862 1480 998 1542 traderet.
1023 1477 1130 1560 Quum

246 1560 254 1576 '
271 1563 325 1624 'tur
344 1562 486 1625 cantavit
500 1559 614 1643 justitiae
634 1561 691 1637 sit,
709 1581 742 1624 ut
753 1584 787 1624 ea
800 1564 886 1624 etiam
901 1564 1045 1624 latronum
1055 1582 1131 1644 opes

305 1660 335 1707 et
356 1662 450 1727 atque
477 1662 600 1724 augeat,
623 1656 763 1727 quantam·
780 1643 841 1726 ejus
864 1647 924 1708 vim
947 1648 1023 1706 inter
1046 1644 1127 1730 leget

249 1723 275 1787 lt
288 1724 420 1805 judicia,
441 1727 472 1785 iu
487 1723 643 1787 constituta
658 1726 806 1807 republica
827 1724 891 1788 fore
908 1727 1065 1808 putamus?

277 1803 349 1869 xli.
366 1807 446 1869 Mihi
460 1807 580 1887 quidem
596 1828 656 1868 non
668 1807 746 1888 apud
763 1808 871 1868 Medos
891 1807 1004 1883 sollum,
1035 1824 1067 1868 ut
1084 1808 1127 1869 ait

249 1883 436 1963 Herodotus,
455 1886 506 1948 sed
521 1890 607 1948 etiam
623 1891 701 1971 apud
720 1887 846 1969 majores
864 1887 996 1959 nostros,
1010 1886 1126 1966 justitiae

250 1965 369 2033 fnendae
392 1968 481 2031 causi
500 1970 638 2052 videntur
656 1971 727 2032 olim
742 1972 820 2031 bene
834 1970 941 2029 morati
955 1989 1037 2049 reges
1050 1988 1127 2029 con·

250 2046 336 2115 lituci.
348 2052 432 2113 Nam
454 2071 542 2134 quum
557 2071 739 2131 premeretur
753 2054 839 2132 inops
851 2050 1008 2110 multitudo
1021 2048 1058 2108 ab
1074 2050 1126 2122 iis,

308 2133 443 2214 majores
462 2152 534 2213 opes
556 2134 723 2206 habebant,
747 2133 784 2192 ad
803 2152 892 2191 unum
913 2132 1038 2213 aliquem
1051 2149 1126 2190 con·

250 2151 387 2296 &iebant
409 2216 518 2275 virtute
537 2213 720 2294 praestanrem
735 2257 745 2287 ,
761 2216 810 2295 qui
831 2234 920 2293 quum
947 2233 959 2271 ι
982 2211 1126 2295 prohibe·

250 2312 284 2355 ret
302 2296 409 2377 injurii
435 2299 604 2369 tenuiores,
623 2298 757 2377 aequitate
779 2294 978 2356 constituendi
997 2294 1124 2355 summos

249 2394 303 2437 tum
321 2378 432 2439 infimis
451 2381 512 2457 pari
525 2378 589 2457 jure
600 2379 749 2439 retinebat.
762 2376 931 2458 Eademque
948 2376 1126 2438 constituen-

248 2456 336 2520 darum
356 2462 458 2540 legum
474 2458 529 2518 luit
548 2460 646 2531 causa,
671 2480 735 2540 quae
756 2480 866 2542 regum.
886 2459 936 2519 Jus
957 2463 1033 2520 enim
1048 2458 1124 2519 sem·
1174 2529 1183 2541 Ν

247 2558 291 2621 per
304 2544 460 2624 quaesitum
471 2540 681 2631 estaequabile3
692 2543 874 2621 nequeenim
887 2542 970 2600 aliter
989 2538 1057 2600 effer
1068 2537 1126 2618 jus.

278 2643 325 2697 42.
338 2623 375 2683 ld
393 2625 416 2681 si
435 2621 470 2679 ab
487 2643 546 2683 uno
559 2621 653 2700 lusto,
672 2625 704 2683 δι
725 2622 805 2683 bono
823 2624 888 2681 viro
907 2619 1125 2701 consequeban-

245 2717 300 2775 tur,
319 2725 358 2765 eo
377 2720 460 2762 erant
479 2705 628 2764 contenti:
649 2725 738 2784 quum
754 2704 784 2763 id
808 2704 902 2762 minius
922 2702 1125 2782 contingeret,

242 2782 313 2866 leges
335 2782 402 2845 sunt
424 2786 568 2854 invente,
591 2792 744 2864 quaecum
764 2783 901 2843 omnibus
928 2781 1041 2861 semper
1064 2781 1124 2840 una

242 2881 320 2947 atque
337 2866 536 2926 eidemvoce
557 2868 756 2946 loquerentur.
768 2864 805 2924 Er
827 2886 845 2922 o
856 2864 912 2923 hoc
923 2863 1040 2943 quidem
1053 2881 1124 2942 pet-

241 2946 367 3027 spicuum
385 2944 448 3018 est,
466 2968 518 3008 eos
537 2948 572 3006 ad
584 2947 786 3028 imperandum
803 2885 890 3026 §eligi
910 2944 1029 3017 solitos,
1046 2964 1124 3027 quo·

241 3049 297 3089 rum
314 3030 354 3090 de
368 3026 497 3108 justitia,
517 3050 621 3109 magna
638 3027 708 3088 ellet
727 3029 828 3108 opinio
841 3026 1038 3088 multitudinis.
1056 3025 1121 3088 Ad·

239 3105 330 3191 juuclo
354 3111 450 3184 vero,
471 3129 504 3171 ut
523 3111 614 3171 iidem
636 3113 723 3172 etiam
745 3110 902 3191 prudentes
923 3109 1121 3181 haberentur,

266 3258 539 3329 3Arclipirata.Dux,
555 3260 662 3324 princeps
694 3274 737 3326 pus
760 3249 903 3322 hillotlctts',
928 3260 1050 3328 discipulus
1074 3258 1123 3313 80·

239 3326 367 3392 piratarum.
378 3324 462 3377 l’irate
478 3325 526 3381 sunt
541 3326 662 3392 predones
694 3327 773 3377 cratis.

238 3395 347 3445 mritimi.
560 3392 565 3397 ”
729 3389 896 3448 tProlr'beret
918 3390 1016 3455 injurii.
1033 3390 1126 3451 oeten«.-
1161 3451 1163 3456 ,

267 3457 333 3520 4οε
349 3475 397 3526 quo
414 3456 446 3518 est
455 3458 517 3523 apud
533 3455 662 3521 Theopom·
694 3455 760 3512 deret
771 3458 800 3510 ab
810 3456 891 3522 injuria
904 3458 1033 3509 tenuiores.

237 3539 294 3591 pre.
306 3523 344 3580 De
355 3536 408 3594 quo
420 3521 509 3602 scripsit
521 3522 661 3590 theomn-
715 3575 719 3581 ,
742 3560 744 3564 ,
