2817 4267
490 417 499 428 ”
573 426 888 496 Litteris,
1069 452 1124 516 341

255 529 398 602 mollem,
430 546 515 612 quem
532 534 726 613 voluptarium
745 535 877 595 dicimus.
905 532 1011 616 Quid?
1033 538 1056 597 is
1078 539 1132 599 tibi

257 622 422 671 mortemne
450 613 581 686 videtur,
611 634 646 671 an
673 616 807 674 dolorem
835 617 956 687 timete,
989 622 1036 697 qui
1064 640 1132 679 eum

258 689 355 767 diem,
386 714 444 773 quo
466 696 603 765 moritur,
628 695 742 754 beatum
765 697 915 776 appellat:
945 700 1133 781 maximisque

217 810 220 820 ·
258 773 407 828 doloribus
425 771 560 837 assessus,
577 794 627 825 eos
640 776 718 845 ipsos
735 779 921 826 inpetuosum
938 778 1054 825 surarum
1073 791 1135 824 rue·

259 851 374 920 morial,
395 848 425 906 dc
443 847 644 906 recordatione
662 844 814 906 confutat?
829 866 843 927 3
863 864 916 905 nec
930 844 992 905 haec
1005 848 1045 905 sic
1059 848 1135 932 agit,

218 957 219 966 ¹
259 948 291 989 ut
302 950 338 989 ex
358 948 490 1007 ternpore
508 929 590 1007 quasi
606 924 718 987 effutite
732 927 875 986 videatur.
886 925 1044 1003 Demorte
1056 928 1136 987 enim

261 1012 302 1069 ita
319 1008 423 1080 sentit,
443 1027 493 1078 ut,
517 1008 650 1068 dissoluto
670 1010 835 1077 animante,
859 1005 967 1067 sensum
982 1006 1137 1067 extindlum

261 1106 361 1173 putet:
384 1090 462 1170 quod
480 1088 576 1149 autern
597 1088 676 1148 sensu
694 1107 809 1161 careat,
831 1088 902 1148 nihil
920 1089 955 1148 ad
974 1109 1028 1148 nos
1044 1088 1074 1147 id
1092 1086 1138 1168 ju·

264 1172 342 1232 dicet
363 1174 516 1250 pertinere.
537 1169 610 1229 Item
628 1170 664 1228 de
690 1169 793 1230 dolore
806 1187 890 1228 certa
908 1169 993 1229 habet
1032 1190 1074 1228 uae
1094 1167 1139 1230 se·

264 1267 393 1335 quatur:
418 1250 498 1330 cujus
527 1251 755 1331 magnitudinem
786 1250 928 1310 brevitate
954 1190 1141 1321 consolatur,

264 1334 504 1413 longinquitatem
520 1333 646 1392 levitate.
663 1330 747 1409 Quid
765 1328 906 1390 tandem?
938 1330 1142 1413 istiqgraudi·
1185 1333 1188 1342 '

264 1417 346 1496 loqui
365 1434 465 1473 contra
485 1417 544 1473 haec
563 1416 621 1473 duo
632 1458 642 1485 ,
667 1434 731 1493 quae
755 1413 878 1472 maxime
891 1429 1017 1494 angunt,
1038 1411 1142 1473 melius

218 1495 219 1502 '
266 1496 423 1567 sehahent,
437 1494 520 1575 quirin
534 1493 694 1572 Epicurus?
716 1494 765 1554 An
778 1493 815 1552 ad
836 1511 956 1566 caetera,
1002 1513 1043 1552 uae
1066 1493 1144 1553 mala

264 1595 422 1661 putantur,
442 1598 501 1635 non
513 1575 579 1638 &E
600 1577 716 1646 iturus,
736 1576 767 1636 δι
782 1574 884 1656 reliqui
901 1515 1064 1656 philosophi
1077 1571 1144 1634 satis

266 1661 360 1741 parati
380 1656 537 1717 videntur?
598 1660 641 1725 uis
660 1677 719 1716 non
739 1673 938 1737 paupertatem
962 1654 1143 1717 extimescit?

252 1758 366 1818 ‘neque
385 1756 482 1798 tamen
506 1738 652 1820 quisquam
671 1736 919 1819 philosophorum.

310 1817 461 1879 xxxll.
485 1840 497 1878 ι
522 1818 579 1878 Hic
604 1820 678 1879 veti>
701 1818 762 1899 ipse
786 1817 872 1899 quaint
893 1838 984 1900 parvo
1007 1817 1047 1879 est
1063 1838 1145 1892 con·

265 1900 388 1963 tentus?
407 1919 496 1962 nemo
514 1900 551 1960 de
564 1902 643 1960 tenui
655 1899 733 1959 vidu
752 1899 833 1981 plura
851 1900 933 1960 dixit.
953 1899 1066 1960 Etenim
1080 1918 1145 1981 quae

266 2004 318 2044 res
338 1986 468 2062 pecuniae
490 1981 675 2063 cupiditatem
694 1979 834 2052 afferunt,
855 1998 886 2040 ut
903 1983 1014 2055 amori,
1033 1998 1065 2041 ut
1079 2000 1147 2040 am·

267 2065 395 2136 bitioui,
426 2082 457 2123 ut
486 2061 658 2143 quotidianis
679 2061 838 2141 sumptibus
861 2064 953 2142 copiae
978 2060 1147 2143 suppetant:

268 2148 340 2207 cum
357 2144 458 2226 procul
478 2145 513 2203 ab
524 2146 557 2201 iis
569 2142 702 2203 omnibus
720 2144 804 2202 rebus
823 2141 916 2217 absit,
934 2163 984 2203 cut
995 2145 1149 2222 pecuniam

269 2246 452 2312 magnopere
469 2226 632 2298 desideret,
650 2224 698 2283 vel
717 2225 812 2306 potius
837 2242 917 2284 curet
938 2225 1075 2285 omnino?
1099 2224 1150 2283 An

271 2306 401 2388 Scythes
419 2307 592 2367 Anacharsis
616 2307 710 2385 potuit
730 2325 784 2387 pro
808 2305 899 2365 nihilo
925 2307 1075 2386 pecuniam
1094 2306 1151 2367 du·

270 2407 364 2462 cere3
379 2388 518 2450 nostrates
536 2386 700 2467 philosophi
713 2384 808 2464 facere
826 2406 884 2448 non
896 2386 1053 2467 poterunt?
1072 2386 1154 2447 lllius

273 2466 400 2552 epistola
430 2468 520 2529 fertur
545 2468 589 2529 his
616 2469 738 2527 verbis:
764 2468 975 2552 Apscususu
997 2468 1153 2529 Hsuuour

277 2563 437 2614 shuu'rum.
457 2551 533 2611 Mihi
551 2550 661 2608 amisisti
681 2551 715 2625 ιβ
736 2566 754 2607 2
771 2549 1065 2632 Scythicumtegmem·
1091 2552 1156 2608 cul·

265 2650 462 2704 ¹cettrueutum,
473 2629 722 2708 solorum‘callum;
747 2630 850 2702 cubile,
869 2648 955 2702 τινας
971 2632 1155 2714 pulmentum,

272 2714 387 2797 firmes:
400 2714 483 2783 labie,
494 2711 569 2790 caseo
579 2716 596 2783 ,¹
610 2733 688 2771 carne
705 2711 804 2788 vescor.
821 2712 913 2792 Quare
931 2727 960 2771 ut
978 2715 1018 2771 ud
1035 2714 1155 2793 quietum

280 2795 395 2856 melicas
413 2788 520 2855 uenias.
538 2797 656 2853 Munera
672 2811 762 2851 autem
785 2793 853 2871 ista,
881 2791 978 2871 quibus
998 2815 1026 2853 es
1043 2796 1156 2853 deluda-

280 2893 343 2949 ιω,
361 2879 406 2934 uel
423 2876 530 2934 civibus
545 2875 620 2944 tuis,
641 2876 687 2932 vel
698 2874 754 2934 dit's
775 2872 971 2932 immortalibus
988 2872 1159 2934 ‹suumom-

218 2963 241 3018 '.
279 2977 334 3019 nes
349 2953 411 3016 fere
433 2955 598 3038 philosophi
612 2956 741 3014 omnium
764 2951 993 3034 disciplinarum,
1012 2956 1067 3016 nisi
1085 2976 1158 3034 quos

282 3058 301 3100 a
322 3035 397 3097 reda
415 3039 525 3096 ratione
541 3054 640 3095 natura
654 3032 758 3095 vitiosa
776 3032 957 3107 detorsisset,
973 3036 1030 3096 hoc
1053 3038 1161 3097 eodem

284 3119 383 3181 animo
401 3115 456 3179 esse
473 3132 636 3199 potuerunt.
654 3113 806 3189 Socrates,
818 3116 847 3177 in
860 3136 968 3199 pompa
980 3120 1046 3180 cum
1059 3136 1163 3199 magna

285 3309 288 3318 ,
350 3262 402 3312 Nee
412 3262 458 3310 hec
466 3264 517 3322 sic,
530 3262 579 3313 dcc.
595 3260 717 3316 Etilu'eu,
727 3259 830 3311 terties
842 3260 1054 3313 merveilleuxtles
1066 3260 1163 3327 l'eripu·

253 3377 255 3382 .
284 3342 301 3395 p
335 3341 399 3395 epus
411 3326 463 3377 ainis
473 3342 532 3393 pour
540 3326 640 3391 paroitrc
649 3323 708 3378 s’ac·
741 3324 845 3377 tdtitieus
858 3326 884 3379 dt
898 3325 1067 3379 lesStoiciens.

284 3394 427 3448 commodet
442 3406 470 3442 au
489 3405 572 3458 temps.
776 3388 863 3443 rHie.
877 3390 907 3442 ‘ld
925 3392 973 3447 eu,
1000 3390 1120 3457 Epicurus.

320 3477 337 3520 ⁴
364 3458 528 3525 Grandtloqm'.
554 3459 603 3510 Ces
624 3455 710 3522 grands
774 3456 1039 3526 sscytlricumsegmm.
1055 3457 1092 3511 Uu
1105 3455 1167 3511 uultis

284 3515 716 3608 parleuu,respuilosophesquiluut'
741 3520 772 3575 de
790 3535 859 3589 peau.

616 3625 618 3628 ’
936 3606 1000 3691 l’iij
