2817 4267
526 355 600 420 Μ
638 355 893 420 Antonin
1081 353 1144 440 aoy

247 479 370 546 ceptam
390 459 553 544 deponere.
567 459 702 542 Quodsi
719 483 817 522 cutam
831 463 973 546 fugimus,
993 459 1083 524 virtut
1096 465 1145 524 fu·

250 547 359 628 giendo
376 543 418 605 est
428 568 438 618 5
458 565 523 625 quae
537 543 647 605 netelle
665 542 724 614 eil,
741 557 807 606 cuni
823 547 919 626 aliqua
937 567 1004 608 cura
1025 567 1070 606 res
1087 547 1144 606 ribi

251 631 415 688 contrarias
462 622 628 706 asperneiut
662 645 750 706 atque
784 627 879 687 oderit
909 649 919 702 ;
957 645 990 688 ut
1028 629 1145 689 bonitas

251 709 416 779 malitiam,
435 707 628 786 temperantia
642 705 811 773 libidinem,
834 711 978 792 ignaviam
993 707 1147 770 fortitudo.

252 785 355 872 ltaque
386 789 491 848 videas
514 789 599 846 rebus
618 786 730 862 injustis
749 786 839 865 iustos
868 791 994 850 maxime
1021 789 1143 862 dolere,

255 869 451 932 imbecillibus
478 868 587 932 fortes.
616 869 766 949 flagitiosis
796 872 956 930 modestos.
979 868 1057 950 Ergo
1086 875 1143 932 boc

258 954 409 1032 proprium
432 948 473 1009 est
495 952 582 1008 animi
601 950 676 1010 bene
701 950 848 1012 constituri
859 996 870 1023 ,
894 954 926 1014 δι
948 951 1035 1010 laerari
1058 953 1144 1012 bonis

258 1033 361 1102 obus,
390 1033 426 1092 δι
446 1031 548 1090 dolere
568 1033 728 1092 contrariis.

268 1125 274 1136 ·
291 1113 341 1188 48.
364 1109 573 1192 Quamobrem
593 1115 617 1171 ai
629 1113 707 1172 cadit
725 1113 754 1171 in
770 1111 927 1194 sapientem
950 1115 1036 1172 animi
1057 1113 1146 1175 dolor

216 1238 220 1245 .
263 1189 327 1278 (qui
358 1191 494 1274 proiedlb
521 1194 597 1252 cadit
622 1195 730 1253 nisiex
753 1193 815 1271 ejus
836 1197 933 1255 animo
961 1195 1146 1274 exstirpatam

224 1334 237 1346 ,
263 1271 466 1344 inmanitatem
479 1273 673 1356 arbitremur)
685 1297 749 1354 quae
765 1276 846 1334 causa
859 1275 914 1346 ell,
927 1297 975 1334 cur
988 1278 1146 1336 amicitiam

224 1390 235 1424 ff
262 1351 380 1418 ituditus
399 1355 540 1416 tollamus
558 1359 666 1426 evita,
683 1377 719 1415 ne
741 1357 848 1436 aliquas
870 1376 989 1437 propter
1005 1377 1069 1416 eam
1088 1355 1145 1417 sus·

228 1479 231 1484 <
262 1439 279 1496 n·
299 1443 395 1497 'amus
413 1435 559 1496 molestias
571 1439 581 1496 l
593 1434 677 1516 Quid
689 1440 766 1496 enim
779 1438 893 1498 interest
905 1485 913 1508 ‚
924 1459 945 1513 7
959 1459 1042 1498 motu
1054 1441 1144 1499 animi

222 1518 229 1527 '
303 1520 383 1584 lato.
413 1539 473 1577 non
494 1518 561 1578 dico
583 1523 657 1578 inter
681 1520 831 1578 hominem
852 1522 883 1581 dt
902 1521 1063 1601 pecudem,
1093 1519 1144 1582 led

224 1602 229 1609 '
257 1595 325 1662 inter
345 1601 501 1659 hominem
525 1601 556 1660 δι
578 1597 696 1670 saxum,
716 1620 764 1660 aut
788 1623 937 1673 truncum,
963 1621 1010 1661 aut
1024 1603 1143 1682 quidvis

254 1685 366 1762 generis
384 1679 541 1758 ejuldem?
564 1680 669 1762 Neque
686 1687 763 1741 e'nim
777 1680 838 1741 sunt
855 1683 897 1741 isti
916 1684 1070 1754 audiendi,
1090 1687 1142 1765 qui

253 1757 393 1823 virtutem
416 1761 588 1831 duram&
626 1764 683 1821 uasi
701 1763 824 1822 ferream
841 1763 899 1823 else
920 1765 1073 1843 quamdam
1086 1788 1144 1826 vo·

209 1871 219 1887 ν
250 1839 338 1939 luntp
355 1865 422 1926 quae
444 1845 563 1924 quidem
585 1785 627 1903 ed
644 1865 734 1925 quttrrt
753 1848 850 1903 multis
868 1848 897 1902 in
918 1847 1020 1916 rebus,
1037 1865 1098 1903 tum
1112 1849 1143 1906 in

193 1934 198 1979 ὲ
252 1927 512 1998 ιωὶειιὶα,τεῃεηι
532 1943 618 2005 arque
649 1925 820 1998 tradiabilis‚
841 1944 872 1984 ut
896 1926 928 1985 ὅ(
955 1925 1039 1983 bonis
1060 1928 1147 1986 amici

193 2017 201 2065 .-
253 2005 375 2166 Quasiss
403 2004 632 2079 diffundantur,
667 2007 911 2068 &incommodis
930 2005 1148 2069 contrahantur.

193 2111 197 2118 ·
291 2087 464 2148 uamobrem
475 2107 565 2167 angor
578 2085 629 2146 isle
640 2131 650 2160 ,
662 2090 711 2168 qui
723 2112 776 2170 pro
792 2091 887 2148 amico
903 2087 976 2168 sape
987 2091 1148 2166 capiendus
1204 2148 1206 2152 .

257 2168 317 2242 eli,
338 2189 400 2228 non
423 2187 534 2228 tanturn
553 2169 650 2236 valet,
672 2188 703 2230 ut
731 2171 812 2245 tollat
838 2191 854 2230 e
885 2172 946 2229 vita
965 2173 1145 2249 amicitiam

255 2269 312 2310 oon
331 2251 419 2331 plus,
440 2250 526 2326 quim
543 2267 575 2309 ut
597 2252 741 2324 virtutes,
758 2255 826 2331 quia
845 2251 1000 2312 nonnullas
1014 2275 1095 2314 curas
1109 2257 1141 2318 ὃ(

257 2331 400 2391 molestias
422 2328 566 2403 afferunt,
598 2334 796 2412 repudientur.

210 2447 213 2452 ·
293 2411 377 2472 xlv,
397 2409 502 2491 Quum
523 2431 619 2471 autem
636 2414 786 2473 contrahat
803 2416 958 2474 amicitiam
986 2414 1142 2496 (utsupra

193 2521 197 2547 l
258 2492 370 2570 dixilsi
399 2515 455 2572 qua
472 2490 645 2575 significatio
666 2497 780 2555 virtutis
798 2497 930 2568 eluceat,
951 2497 987 2554 ad
1005 2518 1091 2575 quam
1112 2498 1142 2559 se

193 2577 197 2608 ³
259 2575 351 2636 similis
374 2578 485 2634 animus
510 2576 636 2656 applicet
665 2577 696 2636 de
716 2576 869 2659 adiungat3
891 2578 922 2636 id
944 2597 1033 2656 quum
1064 2598 1141 2637 con·

257 2657 352 2734 n'ngir,
377 2677 461 2716 amor
482 2660 628 2718 exoriatur
650 2656 764 2719 necelle
788 2659 840 2719 est.
870 2658 955 2736 Quid
982 2659 1060 2717 enim
1080 2677 1140 2719 tant

208 2735 217 2756 ²
258 2735 428 2810 absurdum,
451 2738 537 2816 quim
556 2736 689 2818 deledlati
711 2740 808 2800 multis
826 2741 957 2798 inanibus
982 2739 1086 2811 rebus,
1108 2758 1142 2802 ut

256 2817 387 2891 bonore,
417 2838 446 2878 ut
465 2819 574 2900 gloria,
597 2838 627 2878 ut
647 2818 792 2891 aedificio,
816 2838 847 2880 ut
877 2819 980 2880 vestitu
1001 2821 1142 2904 cultuque

254 2902 381 2980 corporis
393 2920 401 2970 ;
415 2901 514 2960 animo
528 2921 623 2959 autem
639 2902 746 2961 virtute
766 2903 909 2981 praerlitO.
941 2921 1000 2973 eo,
1021 2905 1069 2983 qui
1091 2904 1144 2964 vel

254 3001 365 3053 amare,
388 2982 438 3040 vel
464 2980 519 3060 (ul
534 2984 574 3041 ita
590 2982 714 3060 dicam)
740 3004 749 3041 r
780 2984 926 3042 redamare
947 2987 1055 3062 possit,
1081 3008 1141 3047 non

251 3063 411 3124 admodum
434 3061 595 3122 deledlari?
630 3063 709 3122 Nihil
736 3063 776 3124 est
799 3068 875 3123 enim
906 3069 1143 3127 remuneratione

251 3143 489 3218 benevolentia,
509 3146 580 3204 nihil
600 3145 830 3207 uicissitudine
849 3145 1007 3207 studiorum
1028 3144 1143 3206 officio·

250 3246 375 3309 rumque
394 3224 561 3305 jucundius.

281 3330 391 3392 7Moru
412 3333 498 3384 animi.
517 3328 605 3393 Senlu,
634 3344 682 3400 qao
752 3330 915 3386 rRedomare.
935 3333 1147 3386 Amorearllorem

249 3409 360 3448 moveor
379 3399 479 3447 orimus.
680 3445 684 3450 ,
717 3399 854 3460 rependere.

282 3461 299 3510 8
333 3459 520 3526 Drffirndanrur,
553 3459 682 3516 Dilatenlur
749 3477 763 3510 2
788 3459 1063 3519 V·cissirudirr.lllului
1078 3460 1148 3515 velue

194 3599 197 3605 Ι
250 3525 349 3593 gaudio.
717 3529 855 3585 uuttuuue.
932 3533 935 3542 '
