2817 4267
492 475 494 479 ¹
566 399 744 464 bruna
784 398 811 464 1.
1058 419 1128 485 ‘273

245 507 328 589 gines.
351 502 414 568 Has
432 519 529 567 tamen
549 504 690 588 imagines
706 505 788 589 loqui
806 501 935 582 volunt3
960 506 1042 590 quod
1068 505 1132 568 fieri

247 586 1133 671 mmmmmfflmmmmwmffle

247 689 364 744 rumve,
381 671 413 731 δι
428 670 602 752 pulmonum
614 670 666 745 ri,
689 671 721 732 δι
735 668 825 751 figura
839 668 946 753 potest.
956 668 1038 731 Nihil
1050 670 1130 730 eninr

249 754 341 812 animo
361 750 465 811 videre
486 767 640 832 poterant:
660 748 697 810 ad
717 752 820 811 oculos
840 752 939 812 omnia
958 751 1133 814 referebant.

250 830 345 915 Magni
356 850 457 892 aurem
476 830 517 892 est
532 832 640 913 ingenii
651 851 790 893 revocare
807 831 966 894 mentemi
981 831 1130 908 sensibus,

251 912 516 996 &cogitationem
544 917 580 974 ab
606 911 815 977 consuetudine
842 914 996 976 abducere.
1027 914 1132 998 ltaque

252 996 335 1056 credo
361 1016 380 1055 e
402 993 502 1055 uidem
527 996 613 1055 etiam
636 996 709 1055 alios
729 1011 774 1057 tot
795 992 896 1058 seculis
915 994 1017 1069 :'sed,
1047 996 1130 1077 quod

249 1072 331 1137 literis
343 1015 653 1157 exiet,l²herecydes
664 1074 767 1157 Syrius
782 1077 908 1160 primirm
927 1076 999 1136 dixit
1016 1080 1129 1138 animos
1171 1132 1177 1142 .

248 1154 398 1218 hominum
417 1153 474 1216 effe
484 1154 676 1239 sempiternos
694 1180 703 1220 r
721 1160 855 1240 antiquus
879 1155 944 1218 sane
956 1178 962 1216 :
976 1155 1029 1220 suit
1050 1160 1128 1219 enim

251 1258 261 1299 1
281 1258 353 1299 meo
376 1254 514 1319 regnante
535 1238 645 1321 gentili.
667 1237 752 1299 Hane
779 1240 952 1320 opinionem
973 1236 1130 1321 discipulus

246 1318 307 1400 ejus
321 1319 502 1401 Pythagoras
521 1319 646 1381 maxime
661 1318 847 1381 confirmarit
862 1340 870 1379 τ
890 1321 939 1401 qui
959 1340 1025 1380 curn
1040 1318 1130 1379 2811·

244 1401 338 1494 perbo
358 1416 499 1481 regnante
521 1402 552 1461 in
572 1400 683 1461 ltaliam
710 1400 850 1476 venisset,
876 1400 969 1461 tenuit
992 1420 1128 1481 magnam

241 1483 328 1542 ullam·
338 1479 486 1557 Graeciam
504 1502 572 1542 cum
588 1481 702 1542 honore
718 1482 751 1543 &
770 1481 938 1564 disciplini,
959 1499 1022 1542 turn
1044 1482 1131 1543 etiam

243 1562 413 1625 undositate
427 1584 438 1638 ;
458 1563 607 1644 multaque
623 1560 716 1623 secula
729 1562 828 1645 posiei
844 1566 886 1625 sic
905 1564 998 1645 viguit
1016 1562 1132 1646 Pytha·-¹

243 1644 1049 1727 mmmmmmmmffiffimfflfflmmn

288 1724 1194 1807 Xffifflfflmwmwfflmffiffi.

243 1808 346 1865 tentiae
358 1805 412 1865 suae
430 1826 490 1867 non
502 1806 563 1867 sere
576 1806 754 1878 reddebant,
765 1808 823 1865 nisi
836 1808 905 1883 quid
924 1825 985 1866 erat
1002 1811 1131 1868 numeris

244 1903 295 1947 aut
310 1886 547 1968 descriptionibus
566 1887 778 1967 explicandum.
793 1886 943 1948 Platonem
959 1886 1075 1962 ferunt,
1097 1906 1130 1949 ut

245 1968 447 2050 Pythagoreos
465 1966 671 2051 cognosceret,
692 1972 721 2027 in
737 1967 848 2029 ltaliam
870 1965 995 2038 venisse,
1009 1970 1041 2030 bt
1054 1970 1083 2027 in
1097 1989 1132 2029 ea

246 2050 395 2111 cimalios
407 2050 534 2119 multos,
554 2068 616 2110 tum
632 2050 812 2131 Archytam,
831 2048 1037 2129 Timaeumque
1061 2068 1132 2131 cog-

245 2130 379 2201 novisse,
400 2132 432 2191 &
452 2128 580 2191 didicisse
597 2129 782 2211 Pythagorea
800 2133 923 2191 omnia:
944 2131 1131 2212 primumque

246 2214 283 2273 de
309 2214 475 2284 animorum
502 2214 661 2273 aeternirate
683 2233 743 2272 non
770 2210 862 2273 solium
893 2208 1008 2273 sensiss'e
1030 2212 1131 2287 idem,

246 2295 326 2375 quod
340 2293 535 2376 Pythagoras,
552 2294 602 2353 sed
612 2296 754 2354 rationem
769 2296 857 2356 eriam
867 2292 1006 2355 attulisse:
1022 2315 1132 2378 quam,

246 2378 300 2436 uisi
321 2376 392 2457 quid
412 2376 502 2447 dicis,
523 2376 794 2455 praetermittamus,
811 2379 843 2439 δι
861 2378 935 2438 hanc
949 2395 1040 2438 totam
1052 2376 1133 2459 spem

245 2458 471 2518 immortalitatis
489 2458 697 2538 relinquamus.
726 2460 766 2517 A.
793 2458 841 2516 An
867 2476 919 2530 tu,
941 2460 1007 2517 cium
1034 2461 1132 2519 mein

246 2537 387 2599 stammam
415 2536 657 2618 exspesiationem
680 2537 852 2608 adduxeris,
876 2538 1002 2598 deseris?
1030 2538 1133 2599 Errare

247 2620 415 2681 mehercule
432 2621 509 2679 malo
534 2641 599 2679 curn
616 2618 754 2689 Platone,
773 2638 861 2699 quern
882 2636 912 2678 tu
928 2620 1026 2698 quanti
1045 2616 1133 2679 facias

248 2702 327 2775 scio,
348 2704 381 2763 ὅ(
399 2721 487 2782 quem
506 2722 542 2762 ex
560 2721 612 2761 ruo
630 2721 683 2759 ore
706 2700 855 2771 admiror,
878 2698 967 2780 quim
985 2720 1051 2759 cum
1072 2698 1134 2760 istis
1176 2695 1179 2704 ¹

247 2804 318 2844 vera
335 2782 450 2843 sentire.
473 2786 519 2842 M.
542 2781 639 2841 Made
654 2782 787 2842 virtutes
809 2800 865 2862 ego
888 2782 965 2840 enim
984 2778 1044 2859 ipse
1066 2800 1136 2841 cum

250 2865 359 2930 eodem
376 2862 440 2944 ipso
462 2886 522 2924 non
536 2864 642 2923 invitus
659 2864 829 2924 erraverim.
847 2859 926 2922 Num
948 2862 1033 2944 igitur
1050 2861 1139 2921 dubi·

247 2962 366 3017 tamus,
388 2965 444 3017 an,
472 2947 544 3005 sicut
562 2946 721 3026 pleraque,
748 2947 789 3004 sic
812 2945 844 3006 &
863 2942 940 3003 hoc?
963 2962 1139 3025 quamquam

244 3026 302 3087 hoc
325 3019 444 3107 quiden'r
467 3026 606 3097 minime3
630 3026 801 3106 persuadent
819 3027 895 3086 enim
910 3023 1138 3097 Mathematici,

244 3124 351 3167 terram
365 3110 394 3167 in
407 3109 509 3169 medio
522 3108 632 3167 mundo
648 3108 732 3167 sitam
746 3128 760 3189 3
777 3107 815 3168 ad
832 3108 960 3174 universi
972 3109 1048 3186 ¹coeli
1060 3125 1138 3167 com·

245 3191 367 3269 plexum
384 3192 466 3270 quasi
492 3188 590 3271 punili
606 3188 691 3249 instar
715 3190 868 3261 obtinere,
889 3188 969 3271 quod
984 3187 1136 3266 4κέντςον

281 3356 292 3391 r
308 3340 367 3389 Meo
382 3339 482 3405 gentili,
495 3340 535 3391 hic
551 3340 678 3404 designatur
744 3355 760 3390 2
771 3339 883 3405 Superbo.
890 3340 1018 3406 Tarquinio
1030 3338 1104 3402 superl
1113 3351 1142 3394 oi

246 3406 343 3458 Servius
356 3406 445 3472 Tullius
463 3405 620 3457 Romanorum
639 3420 680 3456 rex
751 3417 764 3468 3
785 3406 824 3453 Ad
842 3405 941 3469 unirerfi
959 3407 1017 3455 calu
1036 3406 1141 3472 comple·

247 3472 343 3523 Sextus.
385 3470 502 3523 Gentili.
544 3473 581 3533 qui
612 3486 681 3541 perte
713 3488 785 3533 trum,
805 3470 824 3521 i·
835 3469 922 3536 regnu
931 3471 961 3521 de
975 3472 1082 3525 l'univers
1099 3483 1142 3532 οΙτ

244 3538 269 3598 le
280 3537 362 3590 nene
376 3551 432 3590 nour
442 3536 473 3591 de
488 3534 585 3594 familie.
715 3536 769 3592 tier.
786 3554 804 3601 4
824 3537 932 3587 Centrum

883 3598 954 3687 Mg
1139 3573 1146 3586 ’
