2817 4267
293 383 357 450 268
528 379 942 444 Tuscunettnnutt

313 489 393 556 osui,
412 505 492 548 mors
507 505 557 546 aut
571 485 679 548 malum
691 507 752 546 non
767 488 823 557 eit,
841 477 893 546 aut
904 489 943 554 sit
953 487 1161 570 homno-titre

322 591 369 630 am
388 571 410 628 si
430 589 500 638 cor,
527 587 577 627 aut
594 571 725 648 sanguis,
746 585 796 627 aut
813 568 972 630 cerebrum
988 567 1028 632 est
1042 573 1156 647 amatur,

287 653 387 720 cette,
412 651 553 730 quoniam
584 647 624 709 est
662 669 790 729 corpus,
817 649 946 709 interibit
971 653 1154 734 cumteliquo

286 749 436 810 corpore:
457 734 481 790 si
497 733 592 790 anima
614 728 654 790 est
676 727 813 801 lbttess'e,
828 727 1028 810 diffipabitur:
1046 735 1069 793 si
1079 735 1155 815 ignit,

284 814 471 892 extinguetur
490 834 497 870 :
515 813 539 870 si
557 809 598 872 est
620 810 787 872 Aristoxeni
805 809 974 886 harmonia,
997 811 1155 879 dissolvent.

283 891 370 970 Quid
392 895 428 950 de
444 891 615 952 Dicaearcho
631 893 743 963 dicam,
760 891 811 973 qui
823 893 897 952 nihil
912 896 1037 956 omnino
1047 898 1155 964 animun

243 1031 249 1042 ,
282 972 361 1033 dicat
380 971 459 1033 elle?
481 973 535 1032 llis
558 973 703 1032 sententiis
717 973 853 1033 omnibus
873 973 948 1033 nihil
964 974 1030 1056 post
1044 995 1151 1038 mortem

282 1057 431 1136 pertinere
453 1053 489 1114 ad
520 1075 697 1135 quemquam
717 1052 842 1134 potest:
869 1057 978 1135 pariter
1004 1059 1079 1118 enim
1097 1075 1152 1118 cunt

281 1137 344 1196 vita
358 1134 452 1196 sensus
468 1137 614 1195 amittitur.
637 1134 705 1194 Non
727 1135 872 1194 sentientis
886 1155 1004 1210 autem,
1019 1139 1086 1198 niltil
1098 1137 1149 1210 el,

281 1217 369 1278 ullam
384 1219 413 1276 in
430 1236 539 1298 partem
564 1217 644 1296 quod
665 1217 787 1275 intersit.
806 1215 1001 1297 Reliquorum
1022 1219 1148 1280 sententie

276 1295 362 1380 spem
379 1297 519 1370 afferunt,
540 1301 563 1356 si
574 1315 603 1358 te
616 1295 693 1357 snrt'e
715 1297 771 1357 hoc
784 1297 929 1372 deledlat,
945 1298 1026 1380 polle
1041 1301 1149 1374 animos,

279 1380 554 1461 citntecotpotibus
575 1377 806 1448 excel'serint,in
820 1379 932 1439 coelum
940 1381 1148 1459 quasiindomi·

277 1461 379 1522 cilium
397 1461 477 1522 suum
517 1465 661 1521 ervenire.
679 1463 720 1521 A.
738 1459 792 1521 Me
812 1461 887 1520 vero
907 1461 1031 1522 deledlat
1047 1483 1055 1522 ε
1074 1463 1145 1544 idque

275 1543 407 1622 primum
421 1545 460 1603 ita
474 1483 530 1602 esse
545 1545 633 1602 velim
654 1541 779 1612 deinde,
801 1543 891 1600 etiam
903 1543 929 1601 si
946 1561 1007 1602 non
1026 1545 1072 1614 sit,
1090 1543 1144 1604 illi

275 1639 377 1682 tamen
405 1623 570 1703 persuaderi
593 1622 694 1682 velim.
731 1625 778 1682 M.
802 1620 889 1700 Quid
908 1624 963 1684 tibi
984 1645 1054 1708 ergo
1071 1621 1143 1706 opetd

274 1700 375 1762 nosltd
392 1723 466 1785 opus
480 1701 542 1762 est?
578 1723 648 1762 num
669 1703 838 1784 eloquenti&
856 1702 1012 1764 Platonem
1030 1705 1139 1788 superate

274 1781 1140 1928 effluunt-⁰¹15„sisterentur:litut

274 1949 317 2009 A.
333 1946 401 2010 Feci
419 1947 582 2010 mehercule
592 1888 614 2018 ,p
621 1945 651 2007 dt
664 1886 785 2026 qdidem
797 1944 901 2026 sepius
909 1968 921 2022 3
934 1910 984 2007 sed
994 1949 1082 2010 nescio
1092 1967 1139 2028 qno

273 2029 387 2103 modo,
398 2031 467 2092 dum
480 2031 566 2110 lego,
578 2025 728 2088 assentior:
741 2028 810 2121 qum
825 2025 910 2106 posui
921 2028 1139 2102 librum,&me·

272 2109 991 2270 {laissl‘nllllllffllzll‘rili
1008 2127 1140 2252 {llll

269 2291 392 2332 manere
408 2273 520 2331 animos
537 2270 755 2347 postmortem,
771 2289 821 2330 aut
837 2289 932 2331 morte
944 2271 1004 2352 ipsa
1016 2272 1140 2334 interire?

269 2353 315 2410 A.
338 2351 390 2411 Do
409 2352 493 2410 verb.
508 2354 554 2410 M.
572 2351 675 2430 Quid,
705 2355 729 2412 si
748 2352 906 2412 maneant?
920 2357 961 2415 A.
975 2355 1080 2416 Beatos
1097 2351 1141 2416 else

269 2433 415 2494 concedo.
426 2435 470 2491 M.
483 2429 512 2491 Si
524 2433 686 2494 intereant?
706 2437 748 2494 A.
765 2433 835 2494 Non
853 2431 910 2493 esse
923 2433 1064 2508 miseros,
1077 2458 1142 2516 quo·

269 2519 350 2576 niam
376 2534 413 2573 ne
435 2516 490 2572 sint
511 2514 639 2594 quidem.
655 2515 718 2574 Jam
737 2511 828 2587 illuc,
845 2513 970 2576 coafflit
991 2536 1037 2590 te,
1053 2519 1143 2599 paullo

269 2599 337 2658 ante
355 2594 553 2657 concessimus.
572 2600 617 2656 M.
637 2593 806 2674 Quomodo
817 2598 920 2676 igitur,
942 2615 993 2657 aut
1004 2620 1055 2658 cut
1071 2621 1145 2660 mot·

268 2696 331 2740 tem
343 2681 448 2740 malum
457 2678 507 2738 tibi
517 2676 609 2737 videri
621 2676 705 2748 dicis,
721 2697 785 2757 quae
796 2678 1022 2740 aut'beatosnoe
1031 2678 1145 2755 efficiet,

267 2765 373 2825 animis
386 2759 583 2830 manentibus,
595 2775 644 2818 aut
656 2779 716 2818 non
728 2757 868 2831 miseros,
877 2757 958 2818 sensu
969 2764 1118 2825 carentes?

310 2841 378 2902 Xll.
391 2844 432 2901 A.
451 2840 574 2919 Expone
586 2840 689 2920 igitur,
708 2841 762 2898 nisi
774 2837 929 2900 molestum
947 2840 1004 2913 est,
1024 2846 1144 2922 primirtn

267 2925 400 2995 animos,
420 2922 444 2980 si
457 2939 562 3001 potes,
583 2940 753 2981 remanere:
771 2938 850 2992 tum,
871 2922 896 2978 ti
914 2924 1007 2981 minius
1019 2925 1049 2985 id
1069 2926 1145 2986 obti-

266 3006 368 3073 nebis,
389 3002 402 3082 (
412 3000 452 3061 esl
465 3003 542 3061 enim
553 3000 692 3080 arduum)
713 3000 835 3060 docebis
852 3021 951 3063 carere
969 3009 1052 3064 omni
1070 3007 1143 3069 malo

266 3102 412 3150 mortem:
435 3102 491 3162 ego
510 3084 587 3141 enim
605 3080 675 3141 illuc
690 3082 781 3161 ipsum
793 3102 901 3143 vereor
916 3104 954 3144 ne
968 3088 1078 3147 malunt
1089 3091 1143 3163 sit,

264 3189 326 3232 non
344 3165 411 3224 dico
425 3183 524 3224 catere
538 3161 635 3235 sensu,
655 3162 704 3222 sed
719 3163 876 3227 carendum
890 3163 956 3226 effe.
973 3167 1019 3227 M.
1035 3168 1143 3231 Aucto·

262 3250 343 3311 tibus
359 3243 479 3326 quidem
492 3244 529 3303 ad
540 3243 621 3303 istam
634 3243 820 3315 sententiam,
833 3264 919 3324 quam
938 3249 983 3307 vis
995 3249 1142 3323 obtineri,

261 3323 808 3490 llell‘lsnlsll?inullis?
827 3325 1141 3497 lmlllllllll

287 3526 300 3565 1
316 3509 409 3562 Librum
425 3510 482 3577 qni,
500 3508 551 3564 dte.
562 3509 609 3564 llic
620 3512 677 3567 libet
685 3511 810 3585 inscribitur
819 3508 933 3574 Phedon,

204 3674 351 3771 Α
