2817 4267
279 413 344 475 ηρ
554 394 893 466 ttiruoxi.

282 503 388 584 inquis.
422 498 460 561 Et
486 500 608 581 quidem
627 504 656 560 in
687 518 794 580 operto
816 497 901 560 fuisti.
922 492 994 555 Non
1014 493 1103 575 igitur
1120 494 1164 555 ubi

280 583 401 665 quisque
419 584 487 651 erit,
509 581 572 661 ejus
590 582 649 652 loci
661 578 707 666 jus
720 582 851 654 tenebit,
867 582 893 643 ,si
913 578 954 646 ibi
973 596 1045 644 eum
1059 576 1163 659 iegibus

279 662 338 738 effe
363 683 424 733 non
447 663 608 744 oportebit.
1158 691 1162 698 ·

485 963 870 1056 Prttnnxru
913 964 959 1044 w

268 1074 337 1193 iim
349 1128 441 1210 μόνος
458 1126 472 1191 ὀ
491 1126 574 1203 roric
593 1095 764 1208 ἕλὲὺθερος,
785 1126 841 1203 urci
858 1127 927 1195 nnc
939 1125 1046 1214 ’ἄφρῳν
1068 1131 1161 1201 ntor:

277 1213 372 1298 ¹Solum
380 1210 529 1306 sapientem
545 1206 620 1299 affini
634 1209 763 1284 liberum,
781 1210 1042 1293 &omnemflulrunt
1048 1214 1161 1300 servum

275 1354 519 1490 LLAuunrutt
538 1414 612 1479 -verb
636 1435 649 1477 r
673 1415 722 1477 hic
743 1416 986 1498 impertiemur
1004 1426 1094 1487 etiam
1112 1439 1159 1507 sp·

274 1504 417 1583 pelletur,
434 1502 550 1561 author
567 1500 686 1575 nomine
705 1498 810 1578 dignus
822 1503 956 1580 putetur?
971 1526 1034 1586 quo
1046 1507 1157 1567 modo?

273 1600 322 1642 aut
337 1587 381 1642 cui
396 1583 512 1641 tandem
536 1582 582 1639 bic
606 1581 699 1638 libero
720 1580 892 1659 imperabit,
912 1584 963 1663 ,qui
988 1607 1049 1656 non
1065 1584 1160 1668 potest

273 1663 479 1743 cupiditatibus
502 1659 558 1722 suis
570 1656 735 1740 imperare?
752 1658 893 1723 Refrenet
917 1665 1041 1743 primitm
1064 1668 1160 1729 iibirii..¹

271 1764 337 1815 nes,
365 1742 478 1824 spernat
489 1740 656 1821 voiuptates
667 1783 677 1813 ‚
689 1740 870 1822 iracundiam
888 1762 1005 1822 tenear,
1022 1765 1159 1820 coerceat·

271 1827 440 1896 avaritiam,
467 1839 578 1888 ceteras
596 1821 683 1880 animi
702 1820 782 1881 labes
801 1822 939 1903 repellat:
958 1845 1019 1888 tum
1039 1830 1156 1910 incipiat

271 1909 333 1971 aliis
355 1908 516 1987 imperare,
528 1923 618 1983 quum
636 1901 698 1983 ipse
710 1903 933 1983 improbissimis
943 1909 1090 1986 dominis,
1105 1912 1158 1970 de·

271 1990 372 2049 decori
399 2009 432 2047 ac
459 1984 630 2064 turpitudini
653 2002 755 2064 patere
778 1984 921 2046 desierit:
944 1990 1014 2061 dum
1035 1991 1156 2071 quidem

218 2089 220 2093 ⁴
270 2071 316 2130 his
331 2070 472 2144 obediet,
484 2088 544 2126 non
559 2065 651 2127 modi
664 2066 822 2143 imperator
830 2111 840 2138 ,
855 2065 904 2127 se'd
917 2068 1155 2137 liberitabendus

270 2154 392 2209 omnino
413 2150 552 2207 nouerit.
570 2146 707 2206 Praeclare
727 2149 803 2206 enim
825 2145 865 2208 est
882 2149 938 2210 hoc
949 2151 1156 2234 ,usurpatumu

269 2230 462 2305 dubiissimis,
484 2247 608 2307 quorum
630 2225 799 2286 auetoritate
818 2250 877 2288 non
897 2248 1010 2305 uterer,
1038 2237 1062 2293 si
1083 2234 1154 2294 mihi

267 2310 346 2388 apud
358 2310 469 2387 aliquos
488 2306 611 2386 agrestes
628 2308 689 2375 baec
702 2308 835 2383 habenda
849 2307 917 2369 effer
936 2314 1048 2373 oratio:
1063 2336 1154 2397 quum

267 2392 340 2450 verb
359 2389 436 2470 apud
457 2388 697 2469 prudentissimos
716 2389 838 2468 loquar,
860 2392 964 2471 quibus
984 2396 1046 2455 haec
1061 2398 1155 2467 ⁵intu-

267 2472 330 2531 dita
344 2492 403 2530 non
423 2469 502 2541 sunr3
522 2490 572 2528 cur
589 2489 644 2548 ego
665 2470 819 2538 simulem,
840 2492 906 2542 me,
930 2476 953 2532 si
973 2476 1043 2556 quid
1064 2478 1093 2535 in
1109 2477 1153 2535 his

265 2549 366 2613 studiis
377 2571 473 2631 operae
486 2549 653 2629 posuerim,
673 2572 689 2609 2
706 2550 883 2628 perdidisse-i
902 2552 1018 2613 Didum
1041 2556 1154 2639 estigi-

263 2652 311 2694 tur
324 2635 359 2693 ab
375 2633 575 2693 eruditissimis
584 2631 671 2703 viris,
690 2633 746 2689 nisi
760 2629 938 2711 sapientem,
957 2637 1083 2697 liberum
1096 2638 1152 2699 eise

263 2718 426 2776 neminem.
446 2712 532 2791 Quid
552 2710 593 2771 est
614 2713 691 2770 enim
709 2711 842 2791 libertas?
866 2715 991 2794 potessas
1010 2712 1150 2791 vivendi,

264 2815 298 2866 ,ut
309 2798 393 2856 velis.
408 2794 484 2871 Quis
498 2796 584 2874 igitur
600 2794 693 2866 vivit,
713 2812 744 2853 ut
764 2794 850 2876 vult?
873 2797 928 2855 nisi
946 2799 1086 2878 qui-teiia
1107 2800 1152 2862 se·

265 2879 381 2959 quitur,
396 2878 443 2955 qui
459 2876 565 2954 gaudet
576 2871 696 2956 officio,
717 2876 761 2935 cui
772 2876 890 2953 vivendi
906 2878 950 2937 via
967 2882 1149 2950 considerata

264 2968 352 3037 atque
376 2955 492 3037 provisa
515 2952 574 3026 est;
605 2956 654 3032 qui
675 2955 785 3034 iegibus
808 2957 928 3035 quidem
949 2980 1009 3020 non
1029 2980 1150 3044 propter

264 3055 376 3097 metum
396 3052 496 3118 paret,
521 3034 570 3093 sed
587 3054 634 3093 eas
658 3033 784 3115 sequitur
801 3056 888 3117 arque
908 3040 999 3111 colit,
1030 3046 1099 3123 quia
1119 3042 1147 3104 id

260 3119 382 3179 salutare
408 3116 535 3177 maximi
561 3113 618 3175 eise
640 3112 768 3188 iudicat3
791 3120 838 3194 qui
869 3120 938 3178 nihil
963 3122 1057 3192 dicit,
1078 3124 1146 3183 nihil

260 3200 346 3276 facit,
367 3198 438 3263 nihil
459 3199 567 3279 cogitat
586 3196 711 3277 denique
722 3241 732 3284 ,³
761 3199 815 3257 nisi
835 3198 961 3270 libenter
979 3222 1012 3263 ac
1034 3202 1145 3282 liberi;

213 3345 229 3391 .'
293 3343 313 3419 ι’
326 3367 524 3433 Hicimpetotpr.
542 3362 685 3415 Haecvideri
718 3364 802 3425 nusest
820 3365 1146 3436 &cervixcaeftr.Juvenalis,

255 3434 346 3497 nonin
365 3432 421 3483 diiii
436 3433 462 3504 jn
484 3430 684 3503 litimonium,
733 3429 913 3505 'aPcrdidiffa
929 3434 1022 3503 Nempe
1034 3454 1144 3507 operam,

254 3498 322 3563 cuius
339 3498 419 3565 polica
436 3495 489 3560 luiiu
505 3495 616 3546 Ciceroni
634 3512 684 3542 ma·
717 3494 770 3543 ntittl
786 3494 917 3560 proiectis.

1060 3571 1142 3653 cujus

173 3764 176 3769 ·
271 3755 327 3779 A.
