2817 4267
505 411 575 476 De
615 395 868 476 Antcrrrn‘r
1067 433 1125 476 nrt

239 515 271 583 in
293 515 463 601 quibusdam
481 534 530 579 aut
549 520 659 579 animur
678 517 816 598 thiediior
832 516 887 587 eii,
913 532 962 579 aut
978 516 1043 598 spec
1063 538 1129 578 arn·

242 601 407 682 piiftcandre
424 600 548 660 fortunae
564 598 700 660 irafflor:
718 620 778 660 non
796 598 845 678 ‘est
861 599 947 680 igitur
959 601 1062 671 amici,
1086 617 1131 659 ta·

242 685 303 742 lem
323 680 380 742 effe
399 684 428 740 in
446 680 702 774 eum,·qualisille
712 681 743 739 in
755 677 783 738 se
799 678 861 752 est;
883 678 932 740 sed
946 680 1042 758 potiba
1057 680 1128 739 eniti

240 763 276 824 δι
292 760 439 857 efficeres
449 780 480 822 ut
491 763 579 856 amici
594 780 746 856 jacentem.
756 761 883 856 animum
902 764 1029 856 excitet,
1045 761 1129 856 indu·

224 839 1133 1003 ·{iiix,izffidrssssffiffi32i052?„i¹21¹22÷i

239 1005 368 1065 maximi
399 1005 614 1084 reprehendere
644 1003 744 1085 Scipio
774 1001 874 1065 solitus
903 1005 959 1073 ait,
995 1004 1127 1064 edixero.

198 1104 202 1109 ·
240 1073 374 1165 Negabat
394 1086 483 1145 ullam
507 1104 615 1147 vocem
633 1087 827 1145 inimiciorem
854 1086 986 1145 amicitiae
1006 1082 1129 1164 potuisse

241 1166 380 1245 reperiri,
393 1163 480 1245 quim
500 1164 582 1245 ejus,
602 1170 651 1246 qui
668 1164 798 1238 dixisset,
810 1169 849 1226 ita
860 1186 957 1226 amare
970 1181 1126 1246 oportere,

240 1264 273 1306 ιιι
283 1246 308 1305 si
318 1244 475 1327 aliquando
492 1246 563 1307 effer
574 1247 693 1308 osurus:
707 1267 762 1307 nec
776 1246 849 1306 verb
868 1247 896 1307 fe
909 1246 1013 1305 adduci
1030 1244 1127 1325 posse,

240 1343 273 1387 ut
291 1327 364 1399 hoc,
386 1328 636 1407 quemadmodum
654 1344 821 1407 putaretur,
840 1347 856 1384 a
874 1326 976 1387 Biante
989 1324 1045 1386 effe
1065 1327 1127 1385 dic·

238 1424 305 1468 tum
315 1407 468 1477 crederet,
487 1411 538 1489 qui
550 1405 661 1490 sapient
673 1409 784 1469 habitus
797 1405 867 1468 effer
880 1429 952 1468 unus
965 1428 981 1466 e
993 1408 1103 1486 septem
1114 1424 1127 1479 3

238 1539 241 1546 .
281 1487 329 1548 sed
344 1490 451 1569 impuri
473 1487 641 1569 cujusdam,
655 1507 707 1551 aut
723 1490 887 1560 ambitiosi,
915 1506 963 1549 aut
975 1490 1074 1548 omnia
1087 1487 1126 1546 ad
1197 1535 1203 1544 .

236 1506 318 1630 duam
332 1572 493 1651 potentiam
515 1574 678 1631 revocantia
704 1571 761 1631 effe
780 1566 960 1630 sententiam.
980 1567 1125 1647 Quonam

237 1651 319 1710 eninr
344 1651 435 1711 modo
462 1650 612 1733 quisquam
641 1654 749 1712 amicus
775 1649 832 1711 effe
863 1651 990 1731 poterit,
1019 1651 1066 1708 cui
1092 1648 1124 1710 se

235 1731 352 1809 putabit
371 1733 521 1790 inimicum
532 1731 591 1792 effe
607 1732 707 1812 peffe?
727 1733 907 1813 quinetiam
936 1729 1049 1790 necesse
1069 1730 1126 1789 erit
1213 1793 1216 1798 ,

234 1821 348 1889 cupere
369 1810 401 1870 &
421 1827 541 1890 optare,
562 1830 595 1871 ut
606 1812 695 1891 quim
708 1811 864 1891 saepirsime
878 1829 981 1890 peccet
996 1813 1126 1881 amicus,

234 1890 300 1970 qub
310 1889 408 1969 plures
424 1891 475 1951 det
492 1892 546 1952 sibi
559 1891 737 1973 dumquam
750 1891 829 1951 ansas
851 1893 887 1951 ad
909 1891 1125 1971 reprehenden-

236 1970 1124 2052 dum:rursumautemredidfaffiscommodisqueamicorutti

233 2050 358 2113 neceffe'
369 2055 423 2112 erit
494 2053 658 2125 i,doiere,
677 2054 821 2115 invidere.
1013 2067 1015 2072 ’

279 2131 329 2192 60.
349 2132 452 2212 Quare
494 2154 531 2194 oc
556 2133 676 2216 qm'dern
696 2151 896 2215 prmptum,
917 2130 1124 2211 cujuscumque

233 2210 299 2284 est',
316 2215 358 2296 ad.
371 2214 529 2274 tollendam
540 2216 697 2275 amicitiam
715 2215 806 2275 valet.
824 2213 1009 2294 liiudpotibs
1024 2213 1126 2293 praeci·

234 2294 377 2376 piendam
391 2294 460 2366 fuit,
469 2313 501 2355 ut
512 2314 576 2356 eam
585 2296 764 2378 diligentiam
773 2295 976 2356 adhiberemus
986 2296 1016 2354 in
1024 2293 1127 2354 amici·

233 2376 283 2436 tiis
293 2376 512 2454 comparandis,
524 2379 724 2458 utnequando
733 2397 831 2438 amare
841 2378 1033 2458 inciperemus
1041 2391 1125 2445 eunt,

234 2475 326 2536 quem
346 2457 501 2537 aliquando
513 2456 603 2516 odiffe
619 2457 784 2532 poffemus:
798 2459 868 2538 quin
882 2459 969 2518 etiam
983 2460 1008 2517 ri
1025 2457 1122 2517 minias

232 2536 336 2598 fetices
352 2538 383 2595 in
393 2538 551 2617 deligendo
568 2535 736 2609 fuiffemus,
753 2537 907 2597 ferendum
917 2539 947 2597 id
957 2538 1056 2617 Scipio
1069 2557 1123 2617 po·

231 2618 290 2678 tius
300 2659 310 2686 ,
320 2616 405 2696 quim
417 2618 631 2677 inimicitiarum
642 2634 756 2697 tempus
772 2617 975 2696 cogitandum,
990 2617 1121 2698 putabat.

275 2696 374 2758 xvss.
386 2698 440 2757 ssis
452 2697 541 2779 igiiur
554 2692 660 2756 finibus
671 2697 812 2773 attendam
824 2696 967 2767 arbitror,
984 2717 1015 2756 ut
1027 2718 1118 2778 quum

230 2778 382 2840 emendati
402 2799 498 2839 mores
520 2778 681 2837 amicorum
700 2778 798 2847 sint,¹
813 2776 944 2834 tum-rit
972 2777 1047 2835 inter
1062 2783 1117 2838 eoa

231 2862 367 2921 omnium
382 2879 478 2920 rerum
489 2886 503 2929 ,·
520 2856 730 2940 consiliorum,
752 2856 955 2927 voluntatum,
976 2858 1037 2915 siue
1058 2857 1119 2917 ulia

230 2942 409 3019 exceptione
435 2940 628 2999 communitas
646 2961 654 3000 t
671 2956 716 2997 'ut
738 2939 834 2999 ‘etiam
862 2937 887 2996 si
918 2956 977 3016 qua
1002 2934 1118 2998 fortuna
1139 3003 1151 3008 „

229 3020 387 3090 acciderit,
410 3039 442 3080 ut
455 3021 550 3079 minias
563 3017 825 3095 juste-amicornm
846 3015 1012 3077 voluntates
1031 3012 1118 3094 adju·
1160 3047 1164 3055 ·

228 3102 336 3161 vinda
352 3095 428 3171 sint,
453 3100 604 3181 inquibus
629 3119 732 3158 eorum
750 3118 797 3160 aut
817 3116 904 3179 caput
925 3113 1045 3238 apator,
1066 3111 1117 3158 aut

228 3179 329 3255 fama,
345 3203 357 3243 ι
376 3181 580 3243 declinandum
598 3181 635 3241 sit
646 3180 684 3242 de
701 3180 769 3254 via,
786 3181 877 3242 madb
888 3198 925 3240 ne
946 3195 1044 3238 umma
1058 3193 1117 3240 tut·

266 3345 278 3391 t
300 3332 349 3381 Sed
368 3333 462 3399 impari.
483 3329 500 3384 i.
516 3342 554 3381 ὀ.
575 3327 659 3380 sordidi
726 3345 737 3380 ι
761 3327 936 3382 Declinandum
957 3333 1000 3384 tir.
1019 3327 1115 3380 Redum

228 3396 357 3460 euiufirm.
690 3395 721 3446 sit
730 3395 820 3458 paulurn
835 3397 947 3464 recedere
956 3410 970 3449 a
980 3396 1052 3450 (inda
1062 3393 1116 3468 lrpt

212 3486 216 3494 .
262 3460 417 3526 Umquam
427 3459 505 3524 aulis.
514 3461 659 3517 occasiones
690 3461 809 3520 amicitia.

226 3539 283 3583 eum
297 3524 492 3599 reprehendendi.
