2817 4267
412 393 438 462 Β
591 370 721 461 '152
761 391 1070 475 Orrrc1rs';

413 504 494 563 nium
506 500 754 582 philosophorum
774 523 781 561 r
806 504 870 583 quis
887 500 927 563 est
945 504 1045 573 enim,
1068 502 1117 583 qui
1136 521 1160 561 nt

412 585 452 642 tii
473 586 623 664 proecep'tis
646 582 793 663 tradendis
808 584 1012 664 philosophum
1027 583 1054 642 le
1068 584 1160 643 audes

402 662 475 726 'Sed
491 662 555 723 sunt
574 680 592 724 2
611 659 764 724 'nonnullae
786 663 941 744 disciplinae
964 709 973 737 ‚
996 684 1059 744 quae
1076 685 1160 745 propt

378 800 380 806 ,
404 763 521 805 ¹norum
535 745 567 805 δι
583 744 723 805 malorum
741 742 846 804 finibus
863 742 991 805 officium
1011 764 1099 804 omne
1118 766 1160 825 pet

404 839 484 884 'nam
505 826 555 905 q'ui
574 823 717 885 summunt
737 824 847 885 bonum
868 827 907 885 sic
929 823 1048 885 instituit
1068 868 1079 894 ,
1105 843 1135 883 ut

341 931 345 971 .·
405 906 482 967 bear
503 923 569 965 cum
586 906 694 966 virtute
716 904 922 987 conjunctum
939 906 1027 985 idque
1049 904 1103 964 suis
1121 926 1157 965 co

404 1002 476 1046 'non
493 983 641 1048 honestare
653 988 770 1047 metitur
791 1008 800 1061 ;
822 988 867 1047 hic
885 988 909 1045 si
928 987 981 1045 sibi
998 985 1058 1065 iple
1074 986 1158 1047 conse

405 1083 478 1127 ¹nott
499 1068 642 1146 interdum
664 1084 772 1127 naturre
795 1068 923 1127 bonitate
941 1068 1094 1140 vincatur,
1117 1087 1160 1126 net

413 1148 513 1207 citiam
531 1149 632 1209 colere
646 1150 759 1229 possit,
779 1168 833 1208 nec
850 1146 1008 1227 justitiam,
1031 1168 1086 1207 nec
1100 1149 1157 1207 libe

413 1223 512 1290 Fortis
533 1231 625 1302 vero,
646 1228 940 1289 doloremsummum
961 1228 1069 1287 malum
1091 1228 1160 1307 judit

413 1325 475 1369 rem
500 1330 601 1381 crans,
619 1311 803 1392 voluptatem
816 1310 959 1371 summum
973 1310 1084 1370 bonum
1096 1310 1160 1372 llari

411 1330 587 1458 certlnullo
597 1392 689 1452 modo
700 1389 804 1472 potest.
853 1423 857 1429 ·

457 1469 487 1531 6.
504 1469 583 1549 Quae
595 1492 770 1554 quamquam
787 1473 827 1532 ita
845 1472 900 1532 sint
917 1471 946 1531 in
964 1489 1124 1554 promptu,
1145 1494 1160 1531 u

223 1551 225 1568 ¹
312 1563 313 1566 ’
414 1552 567 1631 putatione
587 1572 648 1612 non
667 1569 771 1634 egeat,
787 1568 884 1613 tamen
904 1552 996 1613 sunta
1017 1555 1101 1612 nobis
1121 1574 1136 1635 3

396 1630 656 1711 .dilpurnta..,Hae
687 1634 843 1712 disciplinae
872 1636 957 1715 igitur
982 1636 1005 1693 si
1036 1636 1089 1693 sibi
1111 1656 1160 1694 cor

409 1710 475 1771 ¹elle
489 1712 603 1783 velint,
624 1715 661 1773 de
680 1712 779 1774 officio
801 1712 870 1773 nihil
889 1714 994 1794 queant
1015 1714 1160 1774 dicerem

417 1789 507 1852 officii
526 1783 672 1875 prssceptn
692 1792 794 1864 firma,
821 1792 956 1869 stabilia,
975 1815 994 1869 4
1016 1794 1160 1870 conjunllz

416 1874 492 1951 trntli
510 1874 623 1955 possunt
646 1919 655 1944 ,
679 1876 735 1933 nisi
755 1889 802 1934 aut
821 1876 856 1934 ab
876 1876 935 1944 iis,
962 1894 974 1954 5
999 1876 1048 1954 qui
1066 1876 1154 1935 solam

306 2003 317 2017 t
415 1954 478 2027 iis,
507 1976 557 2037 qur
574 1956 699 2015 maximi
716 1954 896 2017 honestatem
916 1972 1035 2036 propter
1059 1954 1087 2015 se
1108 1957 1160 2015 dict

415 2034 664 2117 tendamusque
686 2038 805 2117 propria
825 2033 865 2094 est
885 2056 919 2094 ea
937 2039 1096 2116 praeceptio
1115 2035 1160 2096 Src

413 2116 682 2187 Academicorum,
706 2117 978 2207 Peripateticorum
994 2119 1131 2195 quoniam
1147 2118 1160 2175 l

414 2195 578 2275 Pyrrhonis
592 2240 603 2268 ,
620 2195 750 2268 Herilli,
768 2217 827 2275 pant
841 2197 953 2277 pridem
966 2198 1084 2275 explosa
1097 2196 1156 2258 sent

414 2279 468 2356 'qui
488 2293 583 2336 tamen
609 2276 750 2356 haberent
777 2276 822 2353 jus
846 2277 928 2337 suum
948 2276 1111 2355 disputandi
1132 2279 1160 2336 dt

413 2358 443 2415 si
462 2375 559 2424 rerum
577 2357 703 2437 aliquem
725 2354 900 2417 odelellum
922 2356 1119 2437 reliquillenm
1141 2381 1158 2417 u

358 2479 360 2483 -
415 2437 456 2497 cii
472 2438 673 2499 inventionem
687 2437 782 2497 aditus
796 2436 875 2499 eller.
896 2436 1059 2519 Sequemur
1079 2441 1160 2519 igitur

416 2517 489 2577 dem
502 2534 658 2597 tempore,
678 2520 711 2580 &
728 2518 780 2578 hac
801 2520 830 2577 in
851 2518 1007 2598 quaestione
1029 2523 1160 2599 potissim

416 2617 472 2659 cos
492 2601 578 2657 r‘non
596 2617 628 2660 ur
643 2598 840 2679 interpretes3
867 2597 940 2672 sed,
964 2597 1159 2672 ursolemus,

415 2679 473 2740 bus
489 2698 611 2753 eorum,
630 2676 742 2759 judicio
757 2681 932 2759 arbitrioque
948 2679 1045 2741 nostro
1058 2699 1160 2761 quantu

418 2779 477 2841 qne
498 2761 591 2821 modo
612 2761 760 2821 videbitur
776 2806 786 2830 ,
801 2760 977 2822 hauriemus.
992 2761 1089 2820 Placet
1108 2764 1159 2839 igit

416 2843 507 2903 niam
518 2842 614 2902 onmis
632 2841 787 2923 disputatio
809 2842 845 2902 de
860 2839 960 2901 officio
976 2840 1070 2903 lutura
1090 2842 1154 2918 est,

452 2984 469 3020 2
498 2969 625 3019 Nonnulla
654 2970 791 3037 disciplina.
819 2968 852 3021 Ut
918 2986 930 3034 5
951 2969 1000 3037 Qui
1009 2972 1097 3034 solam.
1113 2972 1160 3023 Sine

416 3031 534 3100 Epicurea
544 3029 673 3100 disciplina,
687 3038 724 3086 cui
734 3033 850 3086 bonorum
882 3050 912 3085 ne
939 3050 1014 3088 rerunt
1041 3049 1160 3089 exterarun

418 3098 649 3167 finisessvoluprns,
666 3100 849 3153 malorumvero
882 3099 1028 3152 Stoicidae
1047 3103 1076 3150 ab
1093 3101 1160 3154 iinli

418 3163 502 3217 dolor.
631 3222 634 3226 ,
882 3165 978 3217 demitis
1001 3164 1027 3217 n
1055 3165 1160 3233 Peripate

465 3242 479 3294 3
496 3228 553 3278 Alio
572 3228 625 3278 loco
642 3228 767 3295 disputata.
784 3228 809 3279 ln
822 3228 850 3279 ll·
883 3229 999 3289 maximi,
1015 3230 1061 3285 oc.

315 3321 317 3328 ·
418 3285 469 3346 bris
484 3293 515 3347 tle
531 3292 613 3346 linibus
627 3293 743 3347 bonorum
759 3294 784 3346 δι
799 3308 850 3345 ma·
916 3293 1072 3345 waliam
1089 3294 1160 3344 telin

414 3356 509 3423 Elorum.
883 3372 936 3409 nem
952 3362 1015 3411 enirn
1029 3361 1111 3411 tollunt
1130 3314 1157 3410 tle

454 3423 609 3492 treonjurfia
622 3439 718 3492 nature.
732 3424 792 3489 Quo
809 3436 851 3473 nn·
883 3422 970 3474 nnllam
986 3440 1024 3477 res
1036 3425 1095 3480 inter
1110 3424 1160 3484 dille

420 3488 628 3540 tnrcronsentnns
644 3524 652 3550 ,
670 3502 771 3556 samque
789 3488 851 3560 opti·
884 3487 991 3546 noscunt.

422 3566 485 3608 tntu
499 3553 583 3611 ducem
592 3554 724 3626 lequuntur.
