2817 4267
554 389 798 459 brenni.
1058 395 1117 477 ὥς

229 504 358 590 possunt.
371 506 413 566 A.
425 501 490 583 Ego
499 502 574 563 verb
584 500 721 581 nusquam
740 496 796 558 effe
814 496 879 557 ilios
897 511 980 579 puro.
997 500 1043 561 M.
1063 499 1120 581 Igi-

232 608 337 649 turne
356 586 413 646 effe
435 584 564 665 quidem.
580 577 622 643 A.
643 578 758 640 Prorsus
779 578 833 640 isto
846 580 937 640 modo
944 601 954 653 ;
969 580 1002 641 &
1019 599 1120 642 ramera
1147 621 1150 626 -

231 668 373 739 miseros,
392 667 431 727 ob
445 668 475 725 id
491 663 582 745 ipsum
602 663 722 743 quidem
735 663 802 742 quia
813 661 884 719 nulli
906 659 977 721 sunt.
991 663 1041 721 Me
1054 662 1120 722 Jam

233 749 355 809 mallem
378 747 542 809 Cerberum
561 763 725 812 metueres,
749 740 836 822 quim
862 740 911 800 issa
940 759 999 801 tam
1021 745 1124 803 incon·

233 830 361 891 siderare
381 829 505 888 diceres.
528 831 571 888 A.
596 823 680 902 Quid
703 822 844 918 tandem?
870 826 919 883 M.
939 821 1043 901 Quem
1062 822 1122 885 effe

234 891 1136 1065 arrinurrnffnsrr.bremundi}.

237 1072 311 1131 dicis
330 1067 395 1130 effe.
423 1076 461 1130 A.
485 1068 555 1128 Non
575 1067 638 1125 sum
658 1069 697 1124 ira
718 1065 835 1138 hebes,
865 1085 896 1124 ur
916 1063 991 1125 istud
1016 1066 1124 1131 dicam.

238 1155 286 1212 M.
300 1148 383 1229 Quid
399 1147 588 1229 dicisigituri,
606 1151 648 1207 A.
669 1145 809 1205 Miserum
823 1143 896 1218 esse,
917 1148 1001 1207 verbi
1019 1148 1125 1224 causei,

239 1232 287 1292 M.
306 1229 455 1299 Graiium,
470 1233 519 1309 qui
536 1229 597 1287 illas
609 1228 739 1287 fortunas
754 1243 849 1286 morte
869 1226 1024 1287 dimiserit:
1038 1230 1126 1289 mise·

238 1331 304 1372 rum
323 1310 379 1371 Cn.
394 1311 584 1391 Pompeium,
601 1310 650 1387 qui
672 1306 751 1366 tanrd
769 1306 880 1387 glorid,
896 1309 1035 1388 dignitate
1045 1312 1127 1372 tantd

241 1394 280 1452 sit
304 1392 421 1452 orbatus
441 1414 448 1451 :
469 1409 575 1471 omnes¹
601 1390 728 1470 deniqrre
750 1387 889 1462 miseros,
913 1391 962 1469 qui
984 1389 1037 1449 hac
1059 1386 1127 1454 luce
1175 1443 1179 1447 .

240 1491 366 1538 careant.
388 1476 434 1532 M.
451 1471 628 1533 Revolveris
652 1468 779 1539 eodem;
812 1472 868 1528 sint
887 1475 964 1530 enim
987 1489 1128 1549 oportet,

242 1556 266 1613 si
289 1552 383 1613 miseri
405 1555 467 1613 sunt
480 1575 487 1613 ε
502 1569 532 1611 tu
548 1566 645 1610 aurem
660 1550 752 1609 modb
764 1549 887 1632 negabas
906 1570 958 1610 eos
980 1548 1036 1612 esse
1046 1597 1057 1625 ,
1097 1558 1141 1617 ui,

240 1637 349 1695 morcui
367 1632 474 1694 essent:
499 1634 522 1691 si
543 1632 629 1712 igitur
649 1651 709 1691 non
725 1629 806 1703 sunt,
831 1631 901 1690 nihii
917 1630 1031 1711 poffunr
1047 1575 1129 1713 edlu

241 1716 281 1775 ita
295 1735 332 1775 ne
345 1712 441 1773 miseri
457 1713 575 1792 quidem
585 1712 655 1771 sunt.
666 1714 708 1772 A.
722 1710 792 1772 Non
809 1711 876 1771 dico
887 1710 1002 1773 forraffe
1020 1718 1134 1793 eriam,

183 1835 186 1858 ;
208 1847 211 1852 .
240 1795 325 1877 quod
335 1795 448 1854 sentio:
467 1814 532 1852 nam
551 1792 625 1850 istud
639 1792 752 1868 ipsum,
775 1810 834 1849 non
846 1791 923 1864 effe,
942 1796 1009 1852 cum
1021 1794 1142 1872 fueris,

183 1919 185 1944 2
210 1907 212 1914 ·
233 1875 436 1938 'miserrimum
459 1893 542 1952 puto.
563 1873 607 1931 M.
629 1869 713 1949 Quid
733 1870 882 1943 miserius,
905 1872 991 1952 quim
1005 1880 1129 1939 omnino

198 2011 200 2016 .
239 1976 406 2095 numquam
425 1952 530 2013 fuisse?
558 1950 600 2012 ln
625 1954 674 2033 qui
695 1952 826 2011 nondum
849 1954 908 2011 nati
929 1951 1009 2024 sunt,
1035 1956 1130 2020 miseri

239 2035 303 2120 jam
329 2055 395 2107 unt,
410 2038 477 2116 quia
492 2054 551 2095 non
568 2032 647 2091 sunt:
664 2034 696 2092 ὃ(
712 2055 766 2092 nos
781 2030 833 2111 ipfi
843 2076 854 2104 ,
872 2034 896 2092 si
913 2033 977 2113 post
1001 2056 1130 2101 mortem

241 2116 342 2179 miseri
363 2116 451 2176 futuri
470 2114 585 2185 sumus,
610 2111 705 2173 miseri
733 2112 861 2185 fuimus,
886 2115 1040 2197 antequim
1061 2122 1134 2185 nati.¹

241 2198 310 2279 Ego
329 2218 426 2257 aurem
448 2217 508 2257 non
533 2195 741 2265 commemini,
764 2194 919 2275 antequdm
939 2194 999 2256 sum
1022 2217 1146 2275 natus

240 2300 294 2340 me
306 2278 449 2339 miserum.
465 2277 513 2338 Tu
530 2275 551 2336 fi
565 2277 688 2335 meliore
705 2278 849 2337 memorii
862 2296 910 2347 es,
929 2279 1019 2339 velim
1041 2280 1132 2361 scire,

241 2361 352 2439 ecquid
372 2361 410 2419 de
428 2377 459 2419 re
479 2357 646 2418 recordere.

287 2438 356 2500 vlu
366 2445 408 2501 A.
418 2439 461 2500 Ira
469 2437 592 2517 jocaris,
602 2434 680 2518 quasi
693 2456 749 2518 ego
761 2437 855 2496 dicam
865 2457 917 2497 eos
925 2437 983 2500 effe
994 2440 1130 2519 miseros,

192 2523 197 2530 “
267 2523 298 2583 ui
318 2524 376 2586 nati
397 2541 458 2581 non
480 2520 561 2580 sunt:
587 2520 618 2580 δι
640 2538 701 2577 non
726 2539 778 2577 eos
794 2516 930 2587 miseros,
954 2522 1002 2600 qui
1021 2531 1136 2604 mortui·

184 2661 189 2672 ,
243 2542 323 2663 dunt.
344 2605 388 2661 M.
411 2600 472 2661 Effe
490 2620 561 2681 ergo
581 2600 662 2659 dicis.
682 2602 723 2657 A.
751 2597 866 2668 Immo,
888 2597 955 2679 q'uia
972 2622 1031 2663 non
1045 2604 1149 2682 sunr,.

197 2737 213 2756 ,
244 2686 317 2746 cbm
327 2682 447 2751 fuerint,
470 2701 522 2740 eos
532 2679 650 2739 miseros
663 2676 729 2737 effe.
742 2682 788 2738 M.
808 2702 824 2738 2
840 2679 993 2760 Pugnantia
1007 2702 1036 2743 re
1049 2686 1132 2769 loqui
1155 2749 1157 2758 .
1221 2735 1223 2740 .

245 2783 309 2825 nnn
340 2761 446 2822 vides?
483 2758 671 2839 Quid-enim
699 2778 757 2817 ram
789 2777 917 2840 pugnat,
951 2762 1038 2841 quim
1069 2788 1132 2831 non

245 2842 341 2906 modb
382 2841 550 2912 miserum,
596 2839 646 2901 sed
686 2840 809 2899 omnino
850 2840 1009 2921 quidquam
1050 2846 1133 2922 effe,

270 2928 299 2986 ui
323 2946 383 2983 non
407 2921 463 2983 srt?
497 2922 602 2983 Auru
636 2918 761 3002 egreffus
792 2924 877 3002 porrd
897 2918 1038 3003 Capenai,
1064 2932 1132 2993 cbm

246 2947 374 3067 dalatini
381 3050 392 3077 ,
402 3003 582 3083 Scipionum,
593 3000 797 3079 Seruiliorum,
805 3002 992 3067 Metellorum
1004 3008 1135 3088 sepulcra
1148 3067 1151 3076 .

248 3088 353 3158 vides,
368 3084 489 3145 miseros
505 3102 586 3164 puras
598 3083 684 3142 ilios?
703 3086 747 3149 A.
764 3104 778 3161 3
800 3082 953 3162 Quoniam
973 3107 1022 3149 me
1039 3095 1133 3154 verbo
1223 3098 1227 3104 ’

250 3169 380 3249 premis,
402 3164 521 3247 posthac
537 3185 596 3224 non
613 3164 844 3241 dicam,mr'seros
855 3164 921 3244 effe,
940 3166 989 3227 sed
1004 3175 1134 3247 tantum,
1150 3225 1153 3232 .

181 3261 183 3266 '
252 3248 380 3327 miseros,
398 3248 437 3305 ob
458 3246 487 3305 id
505 3244 596 3325 ipsum
615 3248 683 3326 quia
700 3264 758 3303 non
777 3243 850 3304 sunt.
863 3251 907 3306 M.
919 3246 986 3307 Non
999 3251 1069 3311 dicis
1079 3256 1136 3331 igi·

181 3379 183 3392 .
250 3329 403 3407 tur,rrrr'ser
412 3330 446 3407 est
458 3331 503 3387 M.
512 3324 617 3406 Craffirs
624 3349 637 3399 ;
653 3323 702 3385 sed
715 3326 844 3397 tantbm,
858 3328 949 3406 miser,
962 3332 1006 3390 M.
1018 3332 1136 3413 Craffirr.
1150 3393 1154 3402 ,
1225 3335 1230 3344 ’

181 3485 185 3506 ,
283 3470 301 3507 2
319 3453 462 3521 Pugnantia.
485 3451 679 3502 Conrndiuona.
712 3448 954 3511 mechicanersnrce
969 3459 1090 3525 mousom,
1149 3489 1156 3498 ·

286 3535 300 3598 3
312 3518 445 3590 Quoniam.
455 3516 608 3584 &effluiique
617 3529 679 3570 vous
