<?xml version="1.0" encoding="UTF-8"?>
<!DOCTYPE html PUBLIC "-//W3C//DTD XHTML 1.0 Transitional//EN"
    "http://www.w3.org/TR/xhtml1/DTD/xhtml1-transitional.dtd">
<html xmlns="http://www.w3.org/1999/xhtml" xml:lang="en" lang="en">
 <head>
  <title>
</title>
<meta http-equiv="Content-Type" content="text/html;charset=utf-8" />
  <meta name='ocr-system' content='tesseract 3.04.00' />
  <meta name='ocr-capabilities' content='ocr_page ocr_carea ocr_par ocr_line ocrx_word'/>
</head>
<body>
  <div class='ocr_page' id='page_1' title='image "./selectaoperaphi00cicegoog_0160.png"; bbox 0 0 2817 4267; ppageno 0'>
   <div class='ocr_carea' id='block_1_1' title="bbox 327 377 965 472">
    <p class='ocr_par' dir='ltr' id='par_1_1' title="bbox 327 377 965 472">
     <span class='ocr_line' id='line_1_1' title="bbox 327 377 965 472; baseline -0.003 -4"><span class='ocrx_word' id='word_1_1' title='bbox 327 404 385 470; x_wconf 78' lang='lat'>168</span> <span class='ocrx_word' id='word_1_2' title='bbox 563 405 632 466; x_wconf 80' lang='lat' dir='ltr'>Da</span> <span class='ocrx_word' id='word_1_3' title='bbox 672 377 965 472; x_wconf 63' lang='lat' dir='ltr'>Senectute:</span> 
     </span>
    </p>
   </div>
   <div class='ocr_carea' id='block_1_2' title="bbox 300 506 1238 3451">
    <p class='ocr_par' dir='ltr' id='par_1_2' title="bbox 300 506 1238 1968">
     <span class='ocr_line' id='line_1_2' title="bbox 300 506 1210 592; baseline 0.001 -19"><span class='ocrx_word' id='word_1_4' title='bbox 300 512 406 573; x_wconf 88' lang='lat' dir='ltr'>·nibus</span> <span class='ocrx_word' id='word_1_5' title='bbox 426 531 434 571; x_wconf 81' lang='lat' dir='ltr'>r</span> <span class='ocrx_word' id='word_1_6' title='bbox 457 508 557 570; x_wconf 87' lang='lat' dir='ltr'>omnia</span> <span class='ocrx_word' id='word_1_7' title='bbox 575 509 753 589; x_wconf 53' lang='lat' dir='ltr'>antiquitati&amp;</span> <span class='ocrx_word' id='word_1_8' title='bbox 774 506 1111 592; x_wconf 76' lang='lat' dir='ltr'>monumenta-collige:</span> <span class='ocrx_word' id='word_1_9' title='bbox 1141 518 1210 574; x_wconf 63' lang='lat' dir='ltr'>cau:</span> 
     </span>
     <span class='ocr_line' id='line_1_3' title="bbox 305 587 1212 680; baseline 0.002 -28"><span class='ocrx_word' id='word_1_10' title='bbox 305 591 414 653; x_wconf 63' lang='lat' dir='ltr'>&#39;farum</span> <span class='ocrx_word' id='word_1_11' title='bbox 436 588 606 660; x_wconf 86' lang='lat' dir='ltr'>illustrium,</span> <span class='ocrx_word' id='word_1_12' title='bbox 636 587 830 680; x_wconf 85' lang='lat' dir='ltr'>quascumque</span> <span class='ocrx_word' id='word_1_13' title='bbox 857 588 999 663; x_wconf 87' lang='lat' dir='ltr'>defendi,</span> <span class='ocrx_word' id='word_1_14' title='bbox 1022 611 1101 652; x_wconf 90' lang='lat' dir='ltr'>nunc</span> <span class='ocrx_word' id='word_1_15' title='bbox 1121 611 1212 674; x_wconf 84' lang='lat' dir='ltr'>quum·</span> 
     </span>
     <span class='ocr_line' id='line_1_4' title="bbox 320 668 1209 752; baseline 0 -19"><span class='ocrx_word' id='word_1_16' title='bbox 320 672 446 733; x_wconf 75' lang='lat' dir='ltr'>maxime</span> <span class='ocrx_word' id='word_1_17' title='bbox 459 668 587 732; x_wconf 86' lang='lat' dir='ltr'>conficio</span> <span class='ocrx_word' id='word_1_18' title='bbox 602 673 748 731; x_wconf 82' lang='lat' dir='ltr'>orationes</span> <span class='ocrx_word' id='word_1_19' title='bbox 763 691 771 735; x_wconf 85' lang='grc'>;</span> <span class='ocrx_word' id='word_1_20' title='bbox 788 691 833 749; x_wconf 71' lang='lat' dir='ltr'>pus</span> <span class='ocrx_word' id='word_1_21' title='bbox 845 689 1004 752; x_wconf 89' lang='lat' dir='ltr'>augurum,</span> <span class='ocrx_word' id='word_1_22' title='bbox 1018 671 1209 751; x_wconf 85' lang='lat' dir='ltr'>pontificum,</span> 
     </span>
     <span class='ocr_line' id='line_1_5' title="bbox 320 749 1210 832; baseline 0.001 -18"><span class='ocrx_word' id='word_1_23' title='bbox 320 753 408 815; x_wconf 85' lang='lat' dir='ltr'>civile</span> <span class='ocrx_word' id='word_1_24' title='bbox 416 750 505 811; x_wconf 76' lang='lat' dir='ltr'>traflo</span> <span class='ocrx_word' id='word_1_25' title='bbox 516 771 524 810; x_wconf 85' lang='lat' dir='ltr'>r</span> <span class='ocrx_word' id='word_1_26' title='bbox 535 752 658 812; x_wconf 76' lang='lat' dir='ltr'>multum</span> <span class='ocrx_word' id='word_1_27' title='bbox 670 753 758 811; x_wconf 89' lang='lat' dir='ltr'>etiam</span> <span class='ocrx_word' id='word_1_28' title='bbox 771 749 884 812; x_wconf 86' lang='lat' dir='ltr'>Graecis</span> <span class='ocrx_word' id='word_1_29' title='bbox 895 751 998 813; x_wconf 85' lang='lat' dir='ltr'>litteris</span> <span class='ocrx_word' id='word_1_30' title='bbox 1007 769 1090 813; x_wconf 88' lang='lat' dir='ltr'>uror:</span> <span class='ocrx_word' id='word_1_31' title='bbox 1105 753 1210 832; x_wconf 87' lang='lat' dir='ltr'>Pytha·</span> 
     </span>
     <span class='ocr_line' id='line_1_6' title="bbox 319 831 1207 916; baseline 0.002 -23"><span class='ocrx_word' id='word_1_32' title='bbox 319 853 536 915; x_wconf 91' lang='lat' dir='ltr'>goreorumque</span> <span class='ocrx_word' id='word_1_33' title='bbox 550 850 632 892; x_wconf 89' lang='lat' dir='ltr'>more</span> <span class='ocrx_word' id='word_1_34' title='bbox 654 831 826 892; x_wconf 73' lang='lat' dir='ltr'>exercendae</span> <span class='ocrx_word' id='word_1_35' title='bbox 842 835 993 900; x_wconf 78' lang='lat' dir='ltr'>memoriae</span> <span class='ocrx_word' id='word_1_36' title='bbox 1008 835 1122 914; x_wconf 77' lang='lat' dir='ltr'>gratiis,</span> <span class='ocrx_word' id='word_1_37' title='bbox 1140 834 1207 916; x_wconf 87' lang='lat' dir='ltr'>quid</span> 
     </span>
     <span class='ocr_line' id='line_1_7' title="bbox 320 913 1208 996; baseline 0.006 -22"><span class='ocrx_word' id='word_1_38' title='bbox 320 934 440 995; x_wconf 90' lang='lat' dir='ltr'>quoque</span> <span class='ocrx_word' id='word_1_39' title='bbox 461 914 509 974; x_wconf 91' lang='lat' dir='ltr'>die</span> <span class='ocrx_word' id='word_1_40' title='bbox 536 913 683 983; x_wconf 79' lang='lat' dir='ltr'>dixerim,</span> <span class='ocrx_word' id='word_1_41' title='bbox 718 913 880 990; x_wconf 74' lang='lat' dir='ltr'>audierim,</span> <span class='ocrx_word' id='word_1_42' title='bbox 912 917 1047 996; x_wconf 83' lang='lat' dir='ltr'>egerim,</span> <span class='ocrx_word' id='word_1_43' title='bbox 1076 919 1208 992; x_wconf 78' lang='lat' dir='ltr'>comme-</span> 
     </span>
     <span class='ocr_line' id='line_1_8' title="bbox 319 991 1206 1078; baseline 0.001 -23"><span class='ocrx_word' id='word_1_44' title='bbox 319 1015 407 1056; x_wconf 89' lang='lat' dir='ltr'>moro</span> <span class='ocrx_word' id='word_1_45' title='bbox 431 993 557 1075; x_wconf 80' lang='lat' dir='ltr'>vesperi.</span> <span class='ocrx_word' id='word_1_46' title='bbox 573 991 704 1054; x_wconf 80' lang='lat' dir='ltr'>Haefunt</span> <span class='ocrx_word' id='word_1_47' title='bbox 723 995 944 1055; x_wconf 83' lang='lat' dir='ltr'>exercitationes</span> <span class='ocrx_word' id='word_1_48' title='bbox 960 995 1090 1075; x_wconf 72' lang='lat' dir='ltr'>ingenii,</span> <span class='ocrx_word' id='word_1_49' title='bbox 1112 997 1174 1056; x_wconf 81' lang='lat' dir='ltr'>haec</span> <span class='ocrx_word' id='word_1_50' title='bbox 1188 1016 1206 1078; x_wconf 83' lang='lat'>9</span> 
     </span>
     <span class='ocr_line' id='line_1_9' title="bbox 318 1073 1238 1158; baseline -0.001 -20"><span class='ocrx_word' id='word_1_51' title='bbox 318 1078 461 1140; x_wconf 82' lang='lat' dir='ltr'>curricula</span> <span class='ocrx_word' id='word_1_52' title='bbox 484 1078 588 1136; x_wconf 87' lang='lat' dir='ltr'>mentis</span> <span class='ocrx_word' id='word_1_53' title='bbox 606 1096 614 1133; x_wconf 76' lang='grc' dir='ltr'>ι</span> <span class='ocrx_word' id='word_1_54' title='bbox 636 1077 665 1135; x_wconf 91' lang='lat' dir='ltr'>in</span> <span class='ocrx_word' id='word_1_55' title='bbox 687 1075 730 1135; x_wconf 86' lang='lat' dir='ltr'>his</span> <span class='ocrx_word' id='word_1_56' title='bbox 755 1074 896 1136; x_wconf 81' lang='lat' dir='ltr'>desudans</span> <span class='ocrx_word' id='word_1_57' title='bbox 917 1092 1007 1158; x_wconf 85' lang='lat' dir='ltr'>atque</span> <span class='ocrx_word' id='word_1_58' title='bbox 1030 1073 1206 1152; x_wconf 80' lang='lat' dir='ltr'>elaborans,</span> <span class='ocrx_word' id='word_1_59' title='bbox 1236 1149 1238 1156; x_wconf 92' lang='lat'><em>.</em></span> 
     </span>
     <span class='ocr_line' id='line_1_10' title="bbox 318 1155 1207 1240; baseline -0.001 -21"><span class='ocrx_word' id='word_1_60' title='bbox 318 1160 452 1240; x_wconf 85' lang='lat' dir='ltr'>corporis</span> <span class='ocrx_word' id='word_1_61' title='bbox 471 1159 547 1217; x_wconf 77' lang='lat' dir='ltr'>iires</span> <span class='ocrx_word' id='word_1_62' title='bbox 564 1175 624 1218; x_wconf 91' lang='lat' dir='ltr'>non</span> <span class='ocrx_word' id='word_1_63' title='bbox 641 1176 820 1238; x_wconf 81' lang='lat' dir='ltr'>magnopere</span> <span class='ocrx_word' id='word_1_64' title='bbox 843 1155 980 1218; x_wconf 88' lang='lat' dir='ltr'>desidero</span> <span class='ocrx_word' id='word_1_65' title='bbox 992 1176 1000 1216; x_wconf 82' lang='lat' dir='ltr'>r</span> <span class='ocrx_word' id='word_1_66' title='bbox 1012 1157 1114 1218; x_wconf 83' lang='lat' dir='ltr'>adsum</span> <span class='ocrx_word' id='word_1_67' title='bbox 1137 1159 1207 1218; x_wconf 83' lang='lat' dir='ltr'>ami·</span> 
     </span>
     <span class='ocr_line' id='line_1_11' title="bbox 318 1235 1206 1319; baseline -0.002 -17"><span class='ocrx_word' id='word_1_68' title='bbox 318 1241 382 1302; x_wconf 81' lang='lat' dir='ltr'>tis:</span> <span class='ocrx_word' id='word_1_69' title='bbox 404 1241 491 1301; x_wconf 81' lang='lat' dir='ltr'>venio</span> <span class='ocrx_word' id='word_1_70' title='bbox 515 1239 545 1297; x_wconf 93' lang='lat' dir='ltr'>in</span> <span class='ocrx_word' id='word_1_71' title='bbox 566 1235 696 1298; x_wconf 89' lang='lat' dir='ltr'>senatum</span> <span class='ocrx_word' id='word_1_72' title='bbox 716 1236 867 1318; x_wconf 78' lang='lat' dir='ltr'>frequens,</span> <span class='ocrx_word' id='word_1_73' title='bbox 887 1237 1024 1319; x_wconf 82' lang='lat' dir='ltr'>ultroque</span> <span class='ocrx_word' id='word_1_74' title='bbox 1044 1237 1139 1301; x_wconf 85' lang='lat' dir='ltr'>affero</span> <span class='ocrx_word' id='word_1_75' title='bbox 1163 1258 1206 1300; x_wconf 85' lang='lat' dir='ltr'>res</span> 
     </span>
     <span class='ocr_line' id='line_1_12' title="bbox 319 1318 1204 1402; baseline -0.002 -19"><span class='ocrx_word' id='word_1_76' title='bbox 319 1319 445 1384; x_wconf 74' lang='lat' dir='ltr'>multum</span> <span class='ocrx_word' id='word_1_77' title='bbox 464 1320 496 1381; x_wconf 73' lang='grc' dir='ltr'><strong>ἃ</strong></span> <span class='ocrx_word' id='word_1_78' title='bbox 519 1319 568 1379; x_wconf 90' lang='lat' dir='ltr'>diu</span> <span class='ocrx_word' id='word_1_79' title='bbox 587 1321 744 1402; x_wconf 78' lang='lat' dir='ltr'>cogitatas3</span> <span class='ocrx_word' id='word_1_80' title='bbox 769 1318 873 1400; x_wconf 88' lang='lat' dir='ltr'>easque</span> <span class='ocrx_word' id='word_1_81' title='bbox 903 1335 988 1378; x_wconf 90' lang='lat' dir='ltr'>tueor</span> <span class='ocrx_word' id='word_1_82' title='bbox 1006 1320 1117 1392; x_wconf 80' lang='lat' dir='ltr'>animi3</span> <span class='ocrx_word' id='word_1_83' title='bbox 1146 1340 1204 1381; x_wconf 87' lang='lat' dir='ltr'>non</span> 
     </span>
     <span class='ocr_line' id='line_1_13' title="bbox 319 1397 1204 1483; baseline 0 -21"><span class='ocrx_word' id='word_1_84' title='bbox 319 1404 453 1483; x_wconf 83' lang='lat' dir='ltr'>corporis</span> <span class='ocrx_word' id='word_1_85' title='bbox 476 1400 610 1460; x_wconf 84' lang='lat' dir='ltr'>viribus:</span> <span class='ocrx_word' id='word_1_86' title='bbox 635 1420 700 1482; x_wconf 82' lang='lat' dir='ltr'>quae</span> <span class='ocrx_word' id='word_1_87' title='bbox 725 1401 749 1459; x_wconf 91' lang='lat' dir='ltr'>si</span> <span class='ocrx_word' id='word_1_88' title='bbox 769 1398 888 1480; x_wconf 82' lang='lat' dir='ltr'>exsequi</span> <span class='ocrx_word' id='word_1_89' title='bbox 911 1397 1089 1481; x_wconf 83' lang='lat' dir='ltr'>nequirem,</span> <span class='ocrx_word' id='word_1_90' title='bbox 1108 1420 1204 1468; x_wconf 79' lang='lat' dir='ltr'>tamen</span> 
     </span>
     <span class='ocr_line' id='line_1_14' title="bbox 320 1478 1204 1564; baseline -0.001 -21"><span class='ocrx_word' id='word_1_91' title='bbox 320 1503 371 1543; x_wconf 87' lang='lat' dir='ltr'>me</span> <span class='ocrx_word' id='word_1_92' title='bbox 383 1481 501 1542; x_wconf 73' lang='lat' dir='ltr'>leflulus</span> <span class='ocrx_word' id='word_1_93' title='bbox 518 1479 673 1541; x_wconf 76' lang='lat' dir='ltr'>obleflaret</span> <span class='ocrx_word' id='word_1_94' title='bbox 685 1501 786 1552; x_wconf 86' lang='lat' dir='ltr'>meus,</span> <span class='ocrx_word' id='word_1_95' title='bbox 808 1500 842 1542; x_wconf 89' lang='lat' dir='ltr'>ea</span> <span class='ocrx_word' id='word_1_96' title='bbox 858 1478 917 1562; x_wconf 87' lang='lat' dir='ltr'>ipsa</span> <span class='ocrx_word' id='word_1_97' title='bbox 933 1481 1130 1564; x_wconf 73' lang='lat' dir='ltr'>cogitantem,</span> <span class='ocrx_word' id='word_1_98' title='bbox 1143 1502 1204 1564; x_wconf 84' lang='lat' dir='ltr'>quae</span> 
     </span>
     <span class='ocr_line' id='line_1_15' title="bbox 317 1559 1203 1644; baseline 0.001 -22"><span class='ocrx_word' id='word_1_99' title='bbox 317 1560 377 1643; x_wconf 68' lang='lat' dir='ltr'>&#39;pam</span> <span class='ocrx_word' id='word_1_100' title='bbox 398 1580 484 1643; x_wconf 90' lang='lat' dir='ltr'>agere</span> <span class='ocrx_word' id='word_1_101' title='bbox 502 1559 711 1643; x_wconf 78' lang='lat' dir='ltr'>non&#39;poffem3</span> <span class='ocrx_word' id='word_1_102' title='bbox 730 1560 780 1623; x_wconf 86' lang='lat' dir='ltr'>fed</span> <span class='ocrx_word' id='word_1_103' title='bbox 798 1578 829 1621; x_wconf 90' lang='lat' dir='ltr'>ut</span> <span class='ocrx_word' id='word_1_104' title='bbox 849 1562 981 1641; x_wconf 84' lang='lat' dir='ltr'>possim,</span> <span class='ocrx_word' id='word_1_105' title='bbox 1005 1560 1074 1623; x_wconf 89' lang='lat' dir='ltr'>facit</span> <span class='ocrx_word' id='word_1_106' title='bbox 1092 1582 1130 1625; x_wconf 88' lang='grc' dir='ltr'>ιο</span> <span class='ocrx_word' id='word_1_107' title='bbox 1145 1562 1203 1644; x_wconf 72' lang='lat' dir='ltr'>afia</span> 
     </span>
     <span class='ocr_line' id='line_1_16' title="bbox 317 1639 1205 1726; baseline 0.002 -22"><span class='ocrx_word' id='word_1_108' title='bbox 317 1646 387 1705; x_wconf 83' lang='lat' dir='ltr'>vita.</span> <span class='ocrx_word' id='word_1_109' title='bbox 412 1646 534 1722; x_wconf 84' lang='lat' dir='ltr'>Semper</span> <span class='ocrx_word' id='word_1_110' title='bbox 558 1645 636 1703; x_wconf 91' lang='lat' dir='ltr'>enim</span> <span class='ocrx_word' id='word_1_111' title='bbox 657 1644 685 1701; x_wconf 90' lang='lat' dir='ltr'>in</span> <span class='ocrx_word' id='word_1_112' title='bbox 698 1642 741 1702; x_wconf 91' lang='lat' dir='ltr'>his</span> <span class='ocrx_word' id='word_1_113' title='bbox 756 1639 854 1702; x_wconf 79' lang='lat' dir='ltr'>studiis</span> <span class='ocrx_word' id='word_1_114' title='bbox 873 1641 1079 1726; x_wconf 82' lang='lat' dir='ltr'>laboribusque</span> <span class='ocrx_word' id='word_1_115' title='bbox 1093 1646 1205 1706; x_wconf 85' lang='lat' dir='ltr'>viventi</span> 
     </span>
     <span class='ocr_line' id='line_1_17' title="bbox 317 1721 1204 1805; baseline 0.003 -21"><span class='ocrx_word' id='word_1_116' title='bbox 317 1743 379 1785; x_wconf 88' lang='lat' dir='ltr'>nou</span> <span class='ocrx_word' id='word_1_117' title='bbox 395 1724 580 1805; x_wconf 86' lang='lat' dir='ltr'>intelligitur,</span> <span class='ocrx_word' id='word_1_118' title='bbox 620 1721 717 1783; x_wconf 85' lang='lat' dir='ltr'>nando</span> <span class='ocrx_word' id='word_1_119' title='bbox 735 1723 858 1804; x_wconf 89' lang='lat' dir='ltr'>obrepat</span> <span class='ocrx_word' id='word_1_120' title='bbox 881 1721 1020 1786; x_wconf 80' lang='lat' dir='ltr'>seneflus.</span> <span class='ocrx_word' id='word_1_121' title='bbox 1037 1723 1082 1786; x_wconf 90' lang='lat' dir='ltr'>lta</span> <span class='ocrx_word' id='word_1_122' title='bbox 1100 1724 1204 1788; x_wconf 85' lang='lat' dir='ltr'>fensiru</span> 
     </span>
     <span class='ocr_line' id='line_1_18' title="bbox 318 1745 1204 1889; baseline 0.003 -22"><span class='ocrx_word' id='word_1_123' title='bbox 318 1807 381 1867; x_wconf 84' lang='lat' dir='ltr'>sine</span> <span class='ocrx_word' id='word_1_124' title='bbox 403 1803 484 1865; x_wconf 92' lang='lat' dir='ltr'>fenfu</span> <span class='ocrx_word' id='word_1_125' title='bbox 507 1821 575 1864; x_wconf 83' lang='lat' dir='ltr'>aetas</span> <span class='ocrx_word' id='word_1_126' title='bbox 597 1745 735 1881; x_wconf 77' lang='lat' dir='ltr'>fenefcit3</span> <span class='ocrx_word' id='word_1_127' title='bbox 760 1803 936 1867; x_wconf 75' lang='lat' dir='ltr'>nec-subito</span> <span class='ocrx_word' id='word_1_128' title='bbox 965 1802 1128 1889; x_wconf 82' lang='lat' dir='ltr'>frangitur,</span> <span class='ocrx_word' id='word_1_129' title='bbox 1156 1803 1204 1870; x_wconf 86' lang='lat' dir='ltr'>fed</span> 
     </span>
     <span class='ocr_line' id='line_1_19' title="bbox 317 1884 720 1968; baseline -0.002 -21"><span class='ocrx_word' id='word_1_130' title='bbox 317 1887 504 1947; x_wconf 86' lang='lat' dir='ltr'>diuturnitate</span> <span class='ocrx_word' id='word_1_131' title='bbox 523 1884 720 1968; x_wconf 84' lang='lat' dir='ltr'>exstinguitur.</span> 
     </span>
    </p>

    <p class='ocr_par' dir='ltr' id='par_1_3' title="bbox 313 1964 1202 2856">
     <span class='ocr_line' id='line_1_20' title="bbox 358 1964 1202 2050; baseline 0.002 -21"><span class='ocrx_word' id='word_1_132' title='bbox 358 1968 427 2029; x_wconf 84' lang='lat' dir='ltr'>Xll.</span> <span class='ocrx_word' id='word_1_133' title='bbox 453 1965 588 2049; x_wconf 85' lang='lat' dir='ltr'>Sequitur</span> <span class='ocrx_word' id='word_1_134' title='bbox 614 1969 697 2027; x_wconf 88' lang='lat' dir='ltr'>tertia</span> <span class='ocrx_word' id='word_1_135' title='bbox 724 1965 901 2046; x_wconf 85' lang='lat' dir='ltr'>vituperatio</span> <span class='ocrx_word' id='word_1_136' title='bbox 923 1964 1095 2041; x_wconf 69' lang='lat' dir='ltr'>senectutis,</span> <span class='ocrx_word' id='word_1_137' title='bbox 1123 1965 1202 2050; x_wconf 80' lang='lat' dir='ltr'>qubrl</span> 
     </span>
     <span class='ocr_line' id='line_1_21' title="bbox 318 2045 1202 2128; baseline -0.001 -17"><span class='ocrx_word' id='word_1_138' title='bbox 318 2070 384 2112; x_wconf 88' lang='lat' dir='ltr'>earu</span> <span class='ocrx_word' id='word_1_139' title='bbox 404 2069 500 2111; x_wconf 87' lang='lat' dir='ltr'>carere</span> <span class='ocrx_word' id='word_1_140' title='bbox 516 2049 615 2110; x_wconf 88' lang='lat' dir='ltr'>dicunt</span> <span class='ocrx_word' id='word_1_141' title='bbox 633 2048 843 2128; x_wconf 82' lang='lat' dir='ltr'>voluptatibus.</span> <span class='ocrx_word' id='word_1_142' title='bbox 862 2045 895 2109; x_wconf 94' lang='lat' dir='ltr'>O</span> <span class='ocrx_word' id='word_1_143' title='bbox 916 2048 1085 2128; x_wconf 80' lang='lat' dir='ltr'>praeclarum</span> <span class='ocrx_word' id='word_1_144' title='bbox 1098 2068 1202 2110; x_wconf 86' lang='lat' dir='ltr'>munus</span> 
     </span>
     <span class='ocr_line' id='line_1_22' title="bbox 317 2126 1201 2211; baseline 0.003 -22"><span class='ocrx_word' id='word_1_145' title='bbox 317 2133 427 2205; x_wconf 84' lang='lat' dir='ltr'>aetatis,</span> <span class='ocrx_word' id='word_1_146' title='bbox 452 2131 475 2189; x_wconf 89' lang='lat' dir='ltr'>si</span> <span class='ocrx_word' id='word_1_147' title='bbox 493 2131 612 2211; x_wconf 90' lang='lat' dir='ltr'>quidem</span> <span class='ocrx_word' id='word_1_148' title='bbox 632 2130 661 2190; x_wconf 85' lang='lat' dir='ltr'>id</span> <span class='ocrx_word' id='word_1_149' title='bbox 681 2128 773 2189; x_wconf 88' lang='lat' dir='ltr'>aufert</span> <span class='ocrx_word' id='word_1_150' title='bbox 791 2127 897 2209; x_wconf 82' lang='lat' dir='ltr'>nobis,</span> <span class='ocrx_word' id='word_1_151' title='bbox 914 2130 996 2210; x_wconf 88' lang='lat' dir='ltr'>quod</span> <span class='ocrx_word' id='word_1_152' title='bbox 1013 2126 1056 2191; x_wconf 83' lang='lat' dir='ltr'>est</span> <span class='ocrx_word' id='word_1_153' title='bbox 1075 2131 1107 2189; x_wconf 91' lang='lat' dir='ltr'>in</span> <span class='ocrx_word' id='word_1_154' title='bbox 1126 2129 1201 2196; x_wconf 79' lang='lat' dir='ltr'>ado-</span> 
     </span>
     <span class='ocr_line' id='line_1_23' title="bbox 315 2208 1201 2293; baseline 0.005 -24"><span class='ocrx_word' id='word_1_155' title='bbox 315 2210 453 2270; x_wconf 86' lang='lat' dir='ltr'>lescentia</span> <span class='ocrx_word' id='word_1_156' title='bbox 470 2211 709 2271; x_wconf 74' lang='lat' dir='ltr'>vitiosissimum!</span> <span class='ocrx_word' id='word_1_157' title='bbox 730 2208 865 2292; x_wconf 83' lang='lat' dir='ltr'>Accipite</span> <span class='ocrx_word' id='word_1_158' title='bbox 885 2212 986 2281; x_wconf 84' lang='lat' dir='ltr'>enirn,</span> <span class='ocrx_word' id='word_1_159' title='bbox 1006 2212 1115 2293; x_wconf 85' lang='lat' dir='ltr'>optimi</span> <span class='ocrx_word' id='word_1_160' title='bbox 1135 2212 1201 2284; x_wconf 85' lang='lat' dir='ltr'>ado·</span> 
     </span>
     <span class='ocr_line' id='line_1_24' title="bbox 316 2290 1201 2371; baseline 0.005 -21"><span class='ocrx_word' id='word_1_161' title='bbox 316 2291 457 2351; x_wconf 88' lang='lat' dir='ltr'>lefcenres</span> <span class='ocrx_word' id='word_1_162' title='bbox 468 2335 480 2362; x_wconf 90' lang='lat'>,</span> <span class='ocrx_word' id='word_1_163' title='bbox 492 2307 623 2350; x_wconf 86' lang='lat' dir='ltr'>veterem</span> <span class='ocrx_word' id='word_1_164' title='bbox 636 2292 799 2355; x_wconf 89' lang='lat' dir='ltr'>orationem</span> <span class='ocrx_word' id='word_1_165' title='bbox 809 2290 951 2371; x_wconf 76' lang='lat' dir='ltr'>Archytae</span> <span class='ocrx_word' id='word_1_166' title='bbox 957 2290 1113 2356; x_wconf 82' lang='lat' dir='ltr'>Tarentini</span> <span class='ocrx_word' id='word_1_167' title='bbox 1123 2335 1132 2365; x_wconf 97' lang='lat'>,</span> <span class='ocrx_word' id='word_1_168' title='bbox 1143 2314 1201 2354; x_wconf 90' lang='lat' dir='ltr'>ma·</span> 
     </span>
     <span class='ocr_line' id='line_1_25' title="bbox 316 2362 1201 2452; baseline 0.008 -23"><span class='ocrx_word' id='word_1_169' title='bbox 316 2373 366 2452; x_wconf 91' lang='lat' dir='ltr'>gni</span> <span class='ocrx_word' id='word_1_170' title='bbox 382 2374 410 2430; x_wconf 93' lang='lat' dir='ltr'>in</span> <span class='ocrx_word' id='word_1_171' title='bbox 427 2362 545 2451; x_wconf 77' lang='lat' dir='ltr'>p‘rimis,</span> <span class='ocrx_word' id='word_1_172' title='bbox 566 2368 598 2437; x_wconf 68' lang='grc' dir='ltr'>ἃ</span> <span class='ocrx_word' id='word_1_173' title='bbox 639 2370 831 2443; x_wconf 84' lang='lat' dir='ltr'>raeclariviri;</span> <span class='ocrx_word' id='word_1_174' title='bbox 855 2391 920 2452; x_wconf 86' lang='lat' dir='ltr'>quae</span> <span class='ocrx_word' id='word_1_175' title='bbox 938 2371 1010 2432; x_wconf 91' lang='lat' dir='ltr'>mihi</span> <span class='ocrx_word' id='word_1_176' title='bbox 1022 2373 1129 2435; x_wconf 87' lang='lat' dir='ltr'>tradita</span> <span class='ocrx_word' id='word_1_177' title='bbox 1140 2374 1201 2449; x_wconf 78' lang='lat' dir='ltr'>eli,</span> 
     </span>
     <span class='ocr_line' id='line_1_26' title="bbox 315 2392 1200 2532; baseline 0.008 -22"><span class='ocrx_word' id='word_1_178' title='bbox 315 2472 406 2532; x_wconf 91' lang='lat' dir='ltr'>quum</span> <span class='ocrx_word' id='word_1_179' title='bbox 427 2450 514 2512; x_wconf 86' lang='lat' dir='ltr'>effem</span> <span class='ocrx_word' id='word_1_180' title='bbox 527 2392 693 2517; x_wconf 59' lang='lat' dir='ltr'>adoleflens</span> <span class='ocrx_word' id='word_1_181' title='bbox 702 2450 822 2513; x_wconf 88' lang='lat' dir='ltr'>Tarenti</span> <span class='ocrx_word' id='word_1_182' title='bbox 833 2457 900 2512; x_wconf 87' lang='lat' dir='ltr'>cu&#39;m</span> <span class='ocrx_word' id='word_1_183' title='bbox 911 2450 955 2532; x_wconf 83' lang='lat' dir='ltr'>Q.</span> <span class='ocrx_word' id='word_1_184' title='bbox 965 2444 1113 2516; x_wconf 74' lang='lat' dir='ltr'>Maximo.</span> <span class='ocrx_word' id='word_1_185' title='bbox 1125 2453 1200 2517; x_wconf 84' lang='lat' dir='ltr'>Nul-</span> 
     </span>
     <span class='ocr_line' id='line_1_27' title="bbox 316 2531 1198 2615; baseline 0.008 -22"><span class='ocrx_word' id='word_1_186' title='bbox 316 2533 374 2594; x_wconf 92' lang='lat' dir='ltr'>lam</span> <span class='ocrx_word' id='word_1_187' title='bbox 394 2554 405 2593; x_wconf 89' lang='lat'>1</span> <span class='ocrx_word' id='word_1_188' title='bbox 426 2534 625 2614; x_wconf 87' lang='lat' dir='ltr'>capitaliorem</span> <span class='ocrx_word' id='word_1_189' title='bbox 651 2531 783 2613; x_wconf 81' lang='lat' dir='ltr'>pestem,</span> <span class='ocrx_word' id='word_1_190' title='bbox 803 2532 890 2614; x_wconf 70' lang='lat' dir='ltr'>quim</span> <span class='ocrx_word' id='word_1_191' title='bbox 907 2538 1039 2615; x_wconf 86' lang='lat' dir='ltr'>corporis</span> <span class='ocrx_word' id='word_1_192' title='bbox 1058 2535 1133 2597; x_wconf 82' lang='lat' dir='ltr'>volu</span> <span class='ocrx_word' id='word_1_193' title='bbox 1156 2555 1198 2600; x_wconf 86' lang='lat' dir='ltr'>ta·</span> 
     </span>
     <span class='ocr_line' id='line_1_28' title="bbox 314 2558 1198 2700; baseline 0.001 -24"><span class='ocrx_word' id='word_1_194' title='bbox 314 2633 393 2688; x_wconf 91' lang='lat' dir='ltr'>tem,</span> <span class='ocrx_word' id='word_1_195' title='bbox 411 2615 574 2676; x_wconf 88' lang='lat' dir='ltr'>bominibus</span> <span class='ocrx_word' id='word_1_196' title='bbox 595 2614 736 2676; x_wconf 89' lang='lat' dir='ltr'>dicebata</span> <span class='ocrx_word' id='word_1_197' title='bbox 751 2631 852 2674; x_wconf 86' lang='lat' dir='ltr'>natura</span> <span class='ocrx_word' id='word_1_198' title='bbox 867 2614 981 2688; x_wconf 81' lang='lat' dir='ltr'>datam3</span> <span class='ocrx_word' id='word_1_199' title='bbox 1000 2613 1082 2695; x_wconf 82' lang='lat' dir='ltr'>cujus</span> <span class='ocrx_word' id='word_1_200' title='bbox 1092 2558 1198 2700; x_wconf 82' lang='lat' dir='ltr'>volup·</span> 
     </span>
     <span class='ocr_line' id='line_1_29' title="bbox 313 2692 1197 2793; baseline 0.006 -37"><span class='ocrx_word' id='word_1_201' title='bbox 313 2698 380 2793; x_wconf 70' lang='lat' dir='ltr'>tatis</span> <span class='ocrx_word' id='word_1_202' title='bbox 396 2698 490 2757; x_wconf 86' lang='lat' dir='ltr'>avidae</span> <span class='ocrx_word' id='word_1_203' title='bbox 505 2697 639 2766; x_wconf 84' lang='lat' dir='ltr'>libidines</span> <span class='ocrx_word' id='word_1_204' title='bbox 651 2695 764 2759; x_wconf 73' lang='lat' dir='ltr'>temere</span> <span class='ocrx_word' id='word_1_205' title='bbox 782 2696 814 2759; x_wconf 91' lang='lat'><strong>&amp;</strong></span> <span class='ocrx_word' id='word_1_206' title='bbox 826 2692 964 2757; x_wconf 74' lang='lat' dir='ltr'>effrenare</span> <span class='ocrx_word' id='word_1_207' title='bbox 973 2696 1010 2758; x_wconf 92' lang='lat' dir='ltr'>ad</span> <span class='ocrx_word' id='word_1_208' title='bbox 1021 2698 1197 2779; x_wconf 77' lang='lat' dir='ltr'>potiendum</span> 
     </span>
     <span class='ocr_line' id='line_1_30' title="bbox 313 2796 1159 2856; baseline 0 -18"><span class='ocrx_word' id='word_1_209' title='bbox 313 2796 512 2839; x_wconf 69' lang='lat' dir='ltr'>incitarentur.</span> <span class='ocrx_word' id='word_1_210' title='bbox 782 2841 784 2850; x_wconf 16' lang='lat' dir='ltr'>q</span> <span class='ocrx_word' id='word_1_211' title='bbox 1155 2847 1159 2856; x_wconf 31' lang='grc' dir='ltr'>Ι</span> 
     </span>
    </p>

    <p class='ocr_par' dir='ltr' id='par_1_4' title="bbox 309 2858 1196 3351">
     <span class='ocr_line' id='line_1_31' title="bbox 356 2858 1196 2941; baseline 0.005 -22"><span class='ocrx_word' id='word_1_212' title='bbox 356 2878 405 2933; x_wconf 82' lang='lat'>40.</span> <span class='ocrx_word' id='word_1_213' title='bbox 420 2859 497 2918; x_wconf 91' lang='lat' dir='ltr'>Hinc</span> <span class='ocrx_word' id='word_1_214' title='bbox 509 2860 608 2940; x_wconf 86' lang='lat' dir='ltr'>patriae</span> <span class='ocrx_word' id='word_1_215' title='bbox 621 2858 816 2938; x_wconf 83' lang='lat' dir='ltr'>proditiones,</span> <span class='ocrx_word' id='word_1_216' title='bbox 835 2858 901 2919; x_wconf 84' lang='lat' dir='ltr'>ltine</span> <span class='ocrx_word' id='word_1_217' title='bbox 918 2859 1196 2941; x_wconf 87' lang='lat' dir='ltr'>rerumpublicarum</span> 
     </span>
     <span class='ocr_line' id='line_1_32' title="bbox 313 2935 1196 3026; baseline 0.006 -26"><span class='ocrx_word' id='word_1_218' title='bbox 313 2940 502 3011; x_wconf 78' lang='lat' dir='ltr'>eversiones,</span> <span class='ocrx_word' id='word_1_219' title='bbox 519 2942 586 2999; x_wconf 89' lang='lat' dir='ltr'>hinc</span> <span class='ocrx_word' id='word_1_220' title='bbox 609 2960 676 2999; x_wconf 90' lang='lat' dir='ltr'>cum</span> <span class='ocrx_word' id='word_1_221' title='bbox 696 2935 825 2999; x_wconf 80' lang='lat' dir='ltr'>hostibus</span> <span class='ocrx_word' id='word_1_222' title='bbox 850 2939 1027 3001; x_wconf 85' lang='lat' dir='ltr'>clandestina</span> <span class='ocrx_word' id='word_1_223' title='bbox 1050 2943 1196 3026; x_wconf 87' lang='lat' dir='ltr'>colloquia</span> 
     </span>
     <span class='ocr_line' id='line_1_33' title="bbox 311 3018 1195 3100; baseline 0.009 -21"><span class='ocrx_word' id='word_1_224' title='bbox 311 3020 406 3079; x_wconf 85' lang='lat' dir='ltr'>nasci:</span> <span class='ocrx_word' id='word_1_225' title='bbox 424 3019 533 3079; x_wconf 91' lang='lat' dir='ltr'>nullum</span> <span class='ocrx_word' id='word_1_226' title='bbox 556 3021 682 3100; x_wconf 89' lang='lat' dir='ltr'>denique</span> <span class='ocrx_word' id='word_1_227' title='bbox 704 3018 813 3095; x_wconf 89' lang='lat' dir='ltr'>scelus,</span> <span class='ocrx_word' id='word_1_228' title='bbox 833 3021 943 3090; x_wconf 90' lang='lat' dir='ltr'>nullum</span> <span class='ocrx_word' id='word_1_229' title='bbox 961 3022 1070 3092; x_wconf 89' lang='lat' dir='ltr'>malum</span> <span class='ocrx_word' id='word_1_230' title='bbox 1089 3024 1195 3086; x_wconf 87' lang='lat' dir='ltr'>facinus</span> 
     </span>
     <span class='ocr_line' id='line_1_34' title="bbox 313 3098 1194 3189; baseline 0.007 -29"><span class='ocrx_word' id='word_1_231' title='bbox 313 3099 391 3171; x_wconf 81' lang='lat' dir='ltr'>elle,</span> <span class='ocrx_word' id='word_1_232' title='bbox 415 3100 452 3157; x_wconf 92' lang='lat' dir='ltr'>ad</span> <span class='ocrx_word' id='word_1_233' title='bbox 479 3099 558 3179; x_wconf 93' lang='lat' dir='ltr'>quod</span> <span class='ocrx_word' id='word_1_234' title='bbox 593 3098 805 3181; x_wconf 85' lang='lat' dir='ltr'>suscipiendum</span> <span class='ocrx_word' id='word_1_235' title='bbox 835 3123 895 3162; x_wconf 92' lang='lat' dir='ltr'>non</span> <span class='ocrx_word' id='word_1_236' title='bbox 917 3103 1007 3164; x_wconf 90' lang='lat' dir='ltr'>libido</span> <span class='ocrx_word' id='word_1_237' title='bbox 1038 3104 1194 3189; x_wconf 87' lang='lat' dir='ltr'>voluptatis</span> 
     </span>
     <span class='ocr_line' id='line_1_35' title="bbox 310 3180 1193 3262; baseline 0.01 -21"><span class='ocrx_word' id='word_1_238' title='bbox 310 3180 496 3261; x_wconf 84' lang='lat' dir='ltr'>impelleret:</span> <span class='ocrx_word' id='word_1_239' title='bbox 524 3180 619 3262; x_wconf 80' lang='lat' dir='ltr'>stupra</span> <span class='ocrx_word' id='word_1_240' title='bbox 637 3185 729 3258; x_wconf 85' lang='lat' dir='ltr'>verb,</span> <span class='ocrx_word' id='word_1_241' title='bbox 754 3182 785 3243; x_wconf 76' lang='grc' dir='ltr'>ὃ(</span> <span class='ocrx_word' id='word_1_242' title='bbox 797 3182 952 3257; x_wconf 89' lang='lat' dir='ltr'>adulteria,</span> <span class='ocrx_word' id='word_1_243' title='bbox 974 3186 1008 3248; x_wconf 92' lang='lat'>&amp;</span> <span class='ocrx_word' id='word_1_244' title='bbox 1029 3204 1121 3247; x_wconf 90' lang='lat' dir='ltr'>omne</span> <span class='ocrx_word' id='word_1_245' title='bbox 1140 3188 1193 3250; x_wconf 89' lang='lat' dir='ltr'>tale</span> 
     </span>
     <span class='ocr_line' id='line_1_36' title="bbox 309 3255 1191 3351; baseline 0.005 -26"><span class='ocrx_word' id='word_1_246' title='bbox 309 3255 468 3344; x_wconf 82' lang='lat' dir='ltr'>flagitium,</span> <span class='ocrx_word' id='word_1_247' title='bbox 480 3262 565 3326; x_wconf 90' lang='lat' dir='ltr'>nullis</span> <span class='ocrx_word' id='word_1_248' title='bbox 577 3263 639 3326; x_wconf 81' lang='lat' dir='ltr'>aliis</span> <span class='ocrx_word' id='word_1_249' title='bbox 655 3263 798 3327; x_wconf 89' lang='lat' dir='ltr'>illecebris</span> <span class='ocrx_word' id='word_1_250' title='bbox 808 3267 1007 3338; x_wconf 88' lang='lat' dir='ltr'>excitari,nisi</span> <span class='ocrx_word' id='word_1_251' title='bbox 1018 3268 1191 3351; x_wconf 87' lang='lat' dir='ltr'>voluptatis:</span> 
     </span>
    </p>

    <p class='ocr_par' dir='ltr' id='par_1_5' title="bbox 342 3386 884 3451">
     <span class='ocr_line' id='line_1_37' title="bbox 342 3386 884 3451; baseline 0.011 -14"><span class='ocrx_word' id='word_1_252' title='bbox 342 3402 358 3451; x_wconf 86' lang='lat'>9</span> <span class='ocrx_word' id='word_1_253' title='bbox 368 3386 497 3437; x_wconf 74' lang='lat' dir='ltr'>curricula.</span> <span class='ocrx_word' id='word_1_254' title='bbox 508 3387 563 3439; x_wconf 82' lang='lat' dir='ltr'>Vox</span> <span class='ocrx_word' id='word_1_255' title='bbox 575 3403 587 3438; x_wconf 86' lang='lat' dir='ltr'>a</span> <span class='ocrx_word' id='word_1_256' title='bbox 598 3387 670 3441; x_wconf 81' lang='lat' dir='ltr'>fludio</span> <span class='ocrx_word' id='word_1_257' title='bbox 681 3403 733 3442; x_wconf 90' lang='lat' dir='ltr'>rur·</span> <span class='ocrx_word' id='word_1_258' title='bbox 765 3390 884 3443; x_wconf 80' lang='lat' dir='ltr'>auteafiae.</span> 
     </span>
    </p>
   </div>
   <div class='ocr_carea' id='block_1_3' title="bbox 307 3452 1192 3579">
    <p class='ocr_par' dir='ltr' id='par_1_6' title="bbox 307 3452 1192 3579">
     <span class='ocr_line' id='line_1_38' title="bbox 307 3452 1192 3529; baseline 0.02 -27"><span class='ocrx_word' id='word_1_259' title='bbox 307 3453 518 3508; x_wconf 79' lang='lat' dir='ltr'>rentiumtrnussata</span> <span class='ocrx_word' id='word_1_260' title='bbox 532 3452 684 3528; x_wconf 81' lang='lat' dir='ltr'>adanimunr.</span> <span class='ocrx_word' id='word_1_261' title='bbox 800 3470 810 3506; x_wconf 89' lang='lat' dir='ltr'>t</span> <span class='ocrx_word' id='word_1_262' title='bbox 833 3458 999 3523; x_wconf 78' lang='lat' dir='ltr'>,capitaliorem</span> <span class='ocrx_word' id='word_1_263' title='bbox 1022 3464 1117 3529; x_wconf 71' lang='lat' dir='ltr'>pestem.</span> <span class='ocrx_word' id='word_1_264' title='bbox 1139 3465 1192 3520; x_wconf 83' lang='lat' dir='ltr'>l’er·</span> 
     </span>
     <span class='ocr_line' id='line_1_39' title="bbox 341 3516 1186 3579; baseline 0.019 -13"><span class='ocrx_word' id='word_1_265' title='bbox 341 3532 372 3575; x_wconf 74' lang='lat' dir='ltr'>ro</span> <span class='ocrx_word' id='word_1_266' title='bbox 402 3519 461 3575; x_wconf 69' lang='lat' dir='ltr'>Atta</span> <span class='ocrx_word' id='word_1_267' title='bbox 492 3522 552 3577; x_wconf 78' lang='lat' dir='ltr'>rita.</span> <span class='ocrx_word' id='word_1_268' title='bbox 572 3516 643 3573; x_wconf 81' lang='lat' dir='ltr'>liauo</span> <span class='ocrx_word' id='word_1_269' title='bbox 678 3519 732 3574; x_wconf 82' lang='lat' dir='ltr'>vira</span> <span class='ocrx_word' id='word_1_270' title='bbox 764 3520 876 3577; x_wconf 81' lang='lat' dir='ltr'>niciorent</span> <span class='ocrx_word' id='word_1_271' title='bbox 895 3523 1013 3579; x_wconf 83' lang='lat' dir='ltr'>morbum.</span> <span class='ocrx_word' id='word_1_272' title='bbox 1183 3539 1186 3544; x_wconf 89' lang='grc'><strong><em>·</em></strong></span> 
     </span>
    </p>
   </div>
   <div class='ocr_carea' id='block_1_4' title="bbox 1038 3615 1190 3681">
    <p class='ocr_par' dir='ltr' id='par_1_7' title="bbox 1038 3615 1190 3681">
     <span class='ocr_line' id='line_1_40' title="bbox 1038 3615 1190 3681; baseline 0.026 -25"><span class='ocrx_word' id='word_1_273' title='bbox 1038 3615 1190 3681; x_wconf 83' lang='lat' dir='ltr'>quumque</span> 
     </span>
    </p>
   </div>
   <div class='ocr_carea' id='block_1_5' title="bbox 0 0 1414 4267">
    <p class='ocr_par' dir='ltr' id='par_1_8' title="bbox 0 0 1414 4267">
     <span class='ocr_line' id='line_1_41' title="bbox 0 0 1414 4267; baseline 0 4"><span class='ocrx_word' id='word_1_274' title='bbox 0 0 1414 4267; x_wconf 95' lang='lat' dir='ltr'> </span> 
     </span>
    </p>
   </div>
  </div>
 </body>
</html>
