2817 4267
307 344 330 370 ⁸
406 361 409 368 ’
488 377 736 444 ·=braatt
776 377 816 443 v.
892 389 896 394 ·
1059 400 1118 465 stt
1203 341 1205 348 Ι

241 479 391 566 abiitque
408 478 551 546 abstinere
571 482 769 622 minimpesle
786 481 925 556 difficile,
943 485 965 545 si
977 489 1121 547 autvale-

244 562 334 631 tudo.
362 581 413 622 ant
434 560 581 634 officium¹
604 584 652 626 aut
686 585 750 626 ama
769 566 917 645 postulet:
939 566 1121 649 omninoque

244 663 334 725 genus
353 645 408 707 hoc
432 645 614 724 voluptatum
642 648 771 725 optabile
791 646 869 721 effe,
895 649 920 707 si
944 650 1122 722 nonobsi13

245 724 378 805 prodesse
400 747 556 807 nunquam.
583 724 754 808 Totumque
775 728 832 790 hoc
853 729 891 788 de
910 730 1059 810 voluptate
1080 734 1123 791 sic

244 807 294 868 ille
308 809 464 888 praecepit,
482 827 513 868 ut
524 808 707 887 voluptatem
715 807 805 890 ipsam
816 828 867 890 per
876 808 924 882 se,
940 814 1006 892 quia
1017 810 1123 891 volup·

244 908 285 949 tas
303 892 341 948 sit
360 932 370 959 ,
396 888 509 973 sempep
528 888 706 969 optandam,
743 892 995 972 expetendamque
1019 912 1124 973 puteta
1203 961 1206 966 ι

245 970 408 1049 eademque
427 972 536 1029 rarione
551 971 686 1032 dolorem
704 970 746 1030 ob
761 972 791 1030 id
808 972 921 1050 ipsum,
948 974 1016 1052 quia
1036 973 1124 1033 dolor

246 1052 300 1122 sit,
319 1050 433 1128 semper
443 1048 497 1111 elle
511 1049 688 1132 fugiendum.
703 1073 714 1112 1
731 1050 832 1134 ltaque
844 1053 896 1111 hac
912 1052 1026 1113 usurum
1043 1074 1124 1114 com·

246 1130 416 1215 pensatione
442 1130 625 1210 sapientem,
653 1150 685 1193 ut
709 1134 888 1213 voluptatem
912 1132 1021 1215 fugiat,
1045 1136 1068 1193 si
1087 1154 1124 1194 ea

245 1212 388 1289 majorem
408 1213 542 1272 dolorem
556 1211 689 1274 effeblura
701 1215 737 1273 sit
753 1236 760 1273 :
779 1217 810 1277 ἃ
828 1213 961 1273 dolorem
977 1213 1124 1295 suscipiat,

245 1292 390 1374 majorem
416 1292 820 1375 efficientem'voluptatem:
845 1298 1001 1377 omniaque
1021 1294 1125 1373 jucun·
1208 1354 1210 1364 ,

245 1376 301 1447 da,
327 1397 488 1455 quanquam
503 1374 581 1434 sensu
599 1378 730 1457 corporis
749 1374 927 1453 judicentur,
947 1375 985 1436 ad
995 1379 1126 1438 animum

245 1456 351 1518 referri
376 1475 484 1517 tamen.
506 1456 658 1535 Quocirca
683 1477 790 1536 corpus
816 1456 942 1538 gaudere
966 1474 1026 1518 tam
1050 1458 1127 1531 diu,

245 1540 318 1601 darn
330 1538 499 1619 praesentem
520 1536 633 1599 sentiret
651 1538 852 1618 voluptatem3
872 1538 1042 1600 animum&
1054 1560 1127 1618 prae·
1145 1555 1148 1560 ·

243 1619 357 1684 sentem
368 1621 516 1700 percipere
533 1621 638 1701 pariter
651 1640 718 1681 cum
735 1639 874 1699 corpore,
901 1619 933 1684 ὃ(
960 1618 1128 1701 prospicere

223 1727 225 1730 ’
244 1703 437 1774 venientem,
460 1722 514 1761 nec
539 1701 709 1781 praeteritam
734 1701 931 1782 praeterfluere
949 1702 1047 1762 sinere
1063 1723 1070 1761 ι
1086 1704 1143 1780 ita¹

243 1802 419 1863 perpetuas,
444 1783 476 1844 δι
500 1799 650 1842 contextas
673 1782 841 1861 voluptates
859 1783 889 1841 in
910 1782 1037 1864 sapiente
1061 1782 1126 1845 sote

245 1863 382 1943 semper,
412 1864 479 1923 ciem
508 1862 700 1943 expedationi
722 1861 895 1944 speratarum
921 1864 1130 1943 voluptatum,

246 1962 452 2027 perceptarum
476 1946 618 2005 memoria
641 1942 816 2027 jungeretur.
845 1944 946 2024 Atque
969 1945 1003 2004 iis
1026 1946 1129 2006 similia

245 2026 288 2092 ad
302 2024 406 2086 vicium
426 2026 512 2086 etiam
530 2024 756 2099 transferuntur,
787 2041 1035 2105 extenuanturque
1046 2045 1130 2106 mag·

247 2104 395 2178 nificemia
418 2108 450 2168 &
478 2106 606 2186 sumptus
623 2108 801 2187 epularum,
826 2106 908 2187 qubd
931 2127 1024 2187 paruo
1048 2108 1128 2167 cultu

246 2207 348 2250 natura
368 2206 503 2248 contenta
524 2186 568 2249 stt.
758 2245 761 2250 .

291 2267 434 2344 XXXIV.
456 2290 469 2328 ι
491 2268 606 2329 Etenim
625 2268 689 2349 quis
700 2267 757 2330 hoc
770 2266 953 2340 antevidet,
979 2267 1130 2329 desideriis

248 2350 303 2412 isla
320 2351 432 2412 condiri
447 2350 566 2410 omnia?
586 2348 692 2412 Darius
709 2351 738 2410 itt
757 2347 843 2431 suga,
861 2350 929 2410 cbtn
950 2369 1055 2432 aquam
1067 2365 1130 2410 tur-¹
1172 2360 1176 2372 ‘

247 2431 367 2502 bidem,
393 2432 427 2493 dt
447 2431 633 2492 cadaveribus
652 2434 829 2513 inquinatam
851 2428 987 2503 bibisset,
1014 2432 1132 2513 negavit

246 2532 377 2592 unquam
388 2511 416 2573 se
423 2511 521 2573 bibisse
533 2511 696 2591 jucundiits.
705 2510 873 2595 Numquam
882 2512 1021 2573 videlicet
1032 2514 1131 2572 sitiens

248 2595 374 2657 biberat
390 2593 455 2655 Nec
465 2592 591 2656 esuriens
606 2592 783 2655 Ptolemaeus
793 2594 893 2656 ederat
901 2594 973 2653 acui
985 2613 1053 2653 curn
1067 2613 1133 2673 per-

249 2674 533 2758 agrantiAEgyptntn
550 2675 706 2737 comitibus
726 2695 786 2735 uon
805 2672 987 2745 consecutis,
1008 2675 1134 2735 cibarius

249 2759 281 2818 in
304 2756 365 2818 casa
383 2758 463 2837 panis
492 2757 575 2817 datus
599 2753 669 2817 effet
680 2800 691 2828 ,
716 2755 789 2817 niltil
803 2754 964 2817 -visumest
984 2754 1035 2821 illo
1056 2774 1132 2834 pane

248 2837 413 2919 iucundius.
432 2838 583 2900 Socratem
601 2836 716 2908 serunt,
738 2839 805 2899 cbm
817 2835 906 2919 usque
920 2836 960 2897 acl
974 2835 1131 2917 vesperum

250 2920 416 2984 comentibs
446 2919 635 2988 ambularet,
670 2920 883 3002 quesitumque
904 2915 972 2978 elles
1002 2937 1039 2978 ex
1071 2937 1134 2989 eo,

250 3012 342 3083 quare
359 3000 390 3059 id
409 2999 546 3066 faceret&
557 2998 753 3081 respondisse,
770 2999 818 3072 se,
838 3000 898 3082 qub
915 2999 1133 3059 meliitscoena·

252 3101 315 3155 ret,
328 3080 470 3144 obsonare
480 3079 655 3168 ambulando
668 3080 787 3143 sarnam
800 3078 906 3161 Quid?
924 3078 1034 3144 rislum
1042 3080 1134 3141 Lace·

251 3164 465 3226 demoniorum
483 3170 503 3222 'a
518 3164 548 3224 in
560 3161 692 3225 Philitiis·
706 3182 804 3225 nonne
824 3160 979 3224 videmus?
998 3163 1049 3224 ubi
1065 3163 1134 3223 clim

291 3281 301 3316 r
323 3266 403 3331 ltaque
423 3267 482 3330 iac,
502 3266 553 3318 &o
574 3264 678 3331 Qn’aiofi
709 3264 813 3334 l'appetit
830 3263 863 3316 ell
879 3263 901 3316 le
918 3264 1022 3332 meilleur
1035 3266 1065 3318 de
1081 3275 1137 3318 tons

250 3331 275 3383 le
286 3331 338 3397 lage
349 3341 430 3381 merua
442 3329 486 3384 l'ua
497 3331 523 3381 ἃ
532 3330 612 3382 l'autre
621 3329 679 3383 daus
709 3330 744 3383 les
763 3328 972 3384 allaisonnements.

252 3397 274 3449 la
294 3396 401 3458 balance.
621 3414 623 3418 ·
744 3410 760 3445 a
783 3394 813 3445 la
837 3393 958 3447 Pittacas.
982 3393 1049 3449 Dans
1072 3394 1137 3449 leurs

290 3460 468 3527 tEtentniqtls
487 3461 543 3525 loe,
570 3458 622 3514 dcc.
643 3458 693 3517 En,
711 3474 780 3530 repas
795 3459 894 3530 publio.

254 3525 310 3580 cffet
339 3527 378 3595 qui
407 3524 535 3595 u'eprouve
565 3539 609 3593 pas
633 3540 681 3594 que
903 3588 980 3654 Ρὶν
1044 3621 1046 3626 ι
