2817 4267
495 350 917 463 ¹Dalmatiarum.
1087 416 1146 481 ¹57

248 500 367 565 ¹dicenti
388 522 396 563 t
418 500 492 564 Mea
510 504 625 586 opera,
645 504 688 582 Q.
700 504 790 577 Fabi,
814 503 973 564 Tarentum
995 502 1145 585 recepisti:

253 585 344 655 Certi,
366 586 463 666 inquit
483 586 599 645 rident:
622 609 686 645 nam
703 588 761 645 nisi
779 604 808 644 tu
828 583 979 660 amisrffis‚
999 604 1146 663 numquam

256 662 418 745 recepiffem.
443 664 507 726 Nec
531 667 604 725 veri>
628 668 657 724 irt
678 669 764 726 attaris
784 665 980 745 praellantiot,
1003 665 1090 746 quam
1114 665 1145 723 in

260 762 347 826 toga:
366 749 416 829 qui
438 743 538 807 consul
558 749 681 819 iterum,
697 744 746 825 Sp.
766 745 898 806 Carvilio
918 747 1031 829 collega
1048 743 1146 826 quies·

264 844 364 897 cente,
395 825 434 887 C.
452 825 585 887 Carvilio
605 828 637 886 δι
663 825 701 885 C.
729 826 870 887 Flaminio
889 828 1008 886 tribunis
1030 827 1146 907 plebis,

267 908 357 984 quoad
379 908 499 988 potuit,
518 906 640 979 restitit,
663 927 764 986 agrurn
784 907 931 967 Picentem
951 906 1145 970 &Gallicum

270 987 369 1047 viritim
393 1007 497 1048 contra
523 987 637 1047 senarias
657 986 856 1047 aucloritatem
874 988 1092 1049 dividentibus:
1122 1010 1144 1065 4

238 1095 245 1140 ¹.
272 1085 407 1149 augurque
427 1089 517 1150 quum
538 1067 625 1139 effet,
646 1068 743 1127 dicere
761 1066 843 1136 ausus
865 1068 905 1128 est
918 1114 927 1142 ,
942 1072 1058 1149 optimis
1080 1070 1145 1130 aus·

238 1173 240 1198 t
275 1150 342 1225 piciit
361 1151 474 1231 eageri
485 1192 500 1220 ,,
513 1145 576 1230 qua'e
594 1169 648 1228 pro
667 1149 832 1228 reipublicae
849 1148 937 1210 salute
953 1169 1143 1231 gererentur;

277 1248 329 1310 quae
345 1250 445 1289 contra
458 1228 666 1312 rempublicam
681 1228 801 1299 fierent,
824 1248 926 1290 contra
939 1230 1061 1311 auspicia
1071 1230 1146 1291 fieti.

246 1309 251 1362 '.
313 1331 352 1371 12.
368 1310 463 1370 Multa
481 1312 512 1370 in
532 1331 569 1371 eo
591 1313 656 1370 vito
675 1311 812 1391 praeclata
830 1314 979 1390 cognovi:
1004 1310 1053 1370 se'd
1073 1312 1144 1371 niltil

280 1385 538 1461 alamoinorum,
570 1389 657 1472 qit‘am
683 1392 836 1469 quomodo
867 1392 915 1451 ille
940 1410 1064 1451 mottern
1090 1390 1145 1451 filii

279 1470 349 1544 tulit,
366 1473 431 1533 clari
449 1474 505 1531 viti
519 1475 550 1532 δι
561 1471 719 1531 consularis
736 1493 743 1530 t
763 1470 803 1531 est
821 1473 850 1531 in
870 1472 1000 1532 manibus
1016 1493 1029 1549 5
1047 1473 1143 1534 lauda·-

280 1551 334 1623 tio;'
349 1573 434 1634 quant
455 1573 546 1635 quum
564 1552 707 1634 legimus,
740 1573 828 1633 quern
852 1552 1057 1635 philosophum
1080 1576 1142 1617 non

280 1636 468 1694 contemnimus
480 1634 500 1695 l
512 1632 576 1693 Nec
599 1635 673 1693 veto
689 1632 738 1692 ille
751 1639 779 1692 in
795 1635 858 1694 luce
879 1633 993 1708 modia,
1013 1653 1098 1718 atque
1110 1641 1142 1698 in

254 1737 257 1744 ·
280 1714 351 1779 ntulit
369 1716 478 1774 civium
498 1732 617 1795 magnus
634 1736 645 1788 3
664 1712 713 1774 sed
733 1715 828 1786 intus,
850 1715 990 1797 domique
1007 1716 1157 1799 ptaellan-'

280 1791 346 1853 tior:
373 1798 422 1875 qui
453 1794 570 1855 sermo?
603 1816 668 1875 quae
699 1797 867 1876 praecepta?
904 1816 1009 1877 quanta
1039 1802 1142 1860 notitia

280 1875 452 1954 antiquitatis?
499 1897 541 1936 uae
560 1874 674 1937 scientia
692 1874 762 1955 jutis
780 1877 906 1956 augurii?
919 1878 1019 1937 multae
1033 1882 1143 1953 etiam,

281 1954 335 2014 utin
345 1956 462 2017 homine
477 1897 633 2024 Pomano,
650 1957 770 2017 litterae:
788 1957 888 2017 omnia
906 1959 1048 2023 memorial
1063 1977 1144 2019 tene·

280 2031 332 2109 bat,
353 2058 411 2098 non
431 2036 589 2098 domestica
609 2036 717 2107 solum,
736 2036 882 2097 sedetiam
907 2047 1024 2098 eaterna
1047 2038 1143 2100 bella:

280 2112 341 2188 ruins
364 2117 497 2181 sermone
522 2121 560 2179 ita
587 2137 649 2178 turn
677 2118 783 2197 cupide
811 2117 948 2188 fruebar,
975 2121 1055 2199 quati
1081 2118 1142 2198 jam

238 2265 242 2280 Ι
280 2194 443 2270 divinarem,
466 2200 515 2270 id,
533 2200 613 2280 quod
632 2201 750 2275 evenit,
764 2197 971 2271 illoextinllo,
987 2199 1051 2263 sore
1063 2202 1141 2263 unde

279 2274 394 2340 discerem
417 2283 575 2341 nerninem.

306 2357 339 2421 V.
360 2361 512 2438 Quorsum
535 2363 620 2441 igitur
647 2360 708 2420 haec
727 2365 783 2420 tant
810 2362 898 2424 multa
923 2363 960 2424 de
983 2364 1141 2427 Maximo?

278 2440 326 2517 quia
338 2442 601 2521 ptolellovidetis‚
625 2440 704 2502 nefus
723 2441 777 2502 elle
796 2444 890 2517 dium,
909 2445 1039 2505 miserant
1059 2447 1140 2510 fnisse

248 2549 250 2554 ·
277 2519 343 2581 talem
359 2522 544 2584 seneclutem.
561 2522 625 2583 Nec
638 2540 734 2581 tamen
754 2544 857 2584 omnes
874 2524 985 2605 pollunt
1005 2526 1060 2585 effe
1075 2526 1137 2601 Scif

274 2603 376 2679 pianes,
402 2622 451 2664 aut
477 2604 672 2676 Maximisut
696 2604 809 2666 urbium
834 2608 1078 2686 expugnationes,
1108 2626 1140 2668 ut

272 2684 403 2760 pedestres
424 2684 578 2745 navalelve
601 2704 728 2766 pugnat,
753 2703 784 2744 ut
801 2687 875 2745 bella
895 2707 910 2743 a
932 2687 959 2744 se
981 2686 1077 2764 gesta,
1105 2705 1137 2747 ut

272 2766 418 2847 triumphos
445 2766 654 2826 recordentur:
681 2765 723 2829 est
742 2768 827 2824 etiam
849 2766 965 2845 quiete,
988 2768 1022 2825 &
1043 2768 1137 2844 pute,

269 2844 293 2904 lc
313 2868 323 2907 r
342 2850 489 2929 eleganter
513 2845 581 2917 allae
601 2846 691 2905 aetatis
716 2847 828 2926 placida
842 2866 875 2904 ac
895 2845 966 2905 lenit
988 2843 1136 2920 senentis,

267 2929 369 3005 qualern
390 2931 557 3007 accepimua
574 2926 721 2997 Platonis,
735 2930 798 3008 *qui
822 2923 880 2987 uno
903 2928 935 2988 ὅ(
955 2925 1136 3008 ollogesinto

264 3026 331 3069 anuo
341 3009 467 3070 scribens
482 3026 612 3068 mortuus
624 3006 665 3067 est
680 3029 691 3065 t
708 3009 822 3087 qualern
839 3007 988 3081 Isocratis,
1005 3011 1056 3090 qui'
1067 3029 1136 3071 eum
1192 3075 1193 3079 ,

260 3086 376 3165 librum,
402 3093 497 3172 qui-2
526 3088 749 3151 Panathenaicus
772 3090 949 3164 inscribitur,
976 3087 1077 3172 quarto
1102 3093 1135 3154 ἄ

285 3222 406 3298 alugur.
426 3234 531 3298 Augures
551 3248 581 3283 ex
601 3235 680 3284 avium
746 3249 758 3284 r
778 3234 911 3300 Eleganter.
933 3235 991 3285 Cunr
1012 3234 1135 3298 dignitate,

257 3310 321 3349 tantu
339 3301 364 3350 ὅ(
382 3298 462 3349 volatu
479 3298 601 3363 captabant
622 3314 676 3351 atta-
711 3298 760 3350 sine
781 3300 895 3349 sordibus.

238 3361 321 3427 *phtia
744 3380 760 3413 2·
780 3363 969 3421 Panathenaicus
994 3361 1135 3425 inscribitur.

287 3428 438 3489 theodotio.
448 3429 547 3487 Oratio.
562 3443 630 3505 quant
648 3430 677 3484 de
712 3429 773 3494 Quia
790 3429 868 3480 lauder
883 3426 1013 3490 celebrabat
1028 3424 1136 3479 littlurunr

253 3491 677 3563 filiilaudiluspotetinrossrithaluit.
710 3494 749 3561 qui
768 3492 856 3574 fiebant
877 3495 901 3549 in
922 3496 1035 3547 honorem
1055 3488 1136 3580 Poll-23
