2817 4267
476 418 547 481 Da
587 391 883 482 stiterunt.
1008 415 1116 505 ,163

226 541 277 587 tut
294 524 405 606 loquax
419 535 432 582 r
445 524 555 583 etenim
576 524 629 604 (ut
642 524 681 583 ait
691 522 863 605 Homerus)
882 544 918 584 ex
938 522 999 605 ejus
1018 526 1118 609 lingua

210 607 318 684 ‘mesle
341 606 456 665 dulcior
473 604 590 664 *fluebat
616 606 738 677 oratio;
768 626 857 686 quam
878 605 915 665 ad
944 606 1115 669 suavitatem

225 687 315 747 nullis
336 687 441 767 egebat
458 688 590 766 corporis
606 686 716 745 vitibus
735 707 743 742 :
767 688 915 747 &tamen
938 706 955 745 2
986 688 1117 758 duxisse

224 765 352 829 Gtaeciae
362 765 500 847 nusquam
510 784 609 845 optat,
620 785 652 827 ut
662 764 880 841 Aiacissimiles
890 766 1116 848 haheatdecem,

228 866 258 925 at
275 867 309 907 ut
327 846 478 919 Nestoris3
498 847 579 928 quod
598 848 622 906 si
641 848 777 909 acciderit
789 855 877 923 ,non
896 848 1023 922 dubitat,
1046 854 1117 933 quin
1216 917 1223 930 ,

227 929 315 989 brevi
330 926 425 1006 Troja
444 931 479 986 sit
499 929 635 1006 peritura.
1124 971 1128 976 .

294 1030 322 1069 ι.
353 1007 411 1072 Sed
436 1010 527 1069 redeo
549 1008 585 1067 ad
617 1027 675 1069 nte.
695 1006 843 1086 Quartum
869 1031 976 1078 annum
1000 1023 1056 1094 ago
1082 1014 1117 1076 &

230 1111 251 1152 o
280 1092 469 1170 ogesitnum:
489 1110 505 1149 e
528 1091 627 1152 uident
648 1088 730 1170 posse
751 1090 859 1154 vellem
878 1092 958 1151 idem
977 1094 1117 1174 gloriati,

231 1172 315 1252 quod
336 1170 456 1251 Cyrus;
476 1110 526 1229 ses
552 1187 651 1230 tamen
676 1170 734 1230 hoc
755 1191 832 1250 queo
853 1171 968 1241 dicere,
989 1195 1049 1234 non
1068 1196 1118 1237 ane

232 1252 353 1333 quidem
376 1254 411 1310 iis
427 1245 484 1313 effe
498 1252 630 1319 -vitibus,
661 1250 765 1331 quibus
784 1271 831 1312 aut
852 1254 934 1311 aniles
950 1253 1036 1314 bello
1057 1256 1120 1316 Pu.

231 1334 323 1403 nico,
344 1350 391 1391 aut
402 1329 527 1412 quaesiot
547 1333 655 1393 eodem
675 1333 775 1401 bello,
796 1332 953 1393 autconsus
968 1335 997 1393 in
1014 1335 1121 1417 Hispa-

233 1416 283 1473 nia
299 1412 423 1484 suctim,
449 1433 498 1473 aut
522 1412 712 1492 quadriennio
735 1397 836 1491 posis
865 1435 932 1473 uum
953 1435 972 1494 3=
988 1416 1119 1480 tribunus

232 1495 377 1557 militaris
385 1494 551 1574 depugnavi
571 1493 648 1574 apud
669 1433 887 1575 Thermopysas
898 1539 910 1567 ,
942 1494 993 1554 Μ’.
1018 1497 1119 1561 Acilio

233 1572 395 1638 Glabrione
406 1574 546 1636 consule:
566 1573 616 1635 sed
644 1578 743 1633 tant'en
764 1572 820 1655 (ut
838 1596 893 1637 vos
912 1576 1043 1660 videtis)
1057 1601 1119 1643 non

234 1656 320 1737 plane
343 1676 391 1716 me
411 1657 584 1730 enervavit,
609 1674 663 1714 nec
685 1652 787 1715 afflixit
804 1655 932 1718 seneflus
945 1680 951 1719 :
966 1680 1120 1735 non4cu·

234 1740 276 1797 ria
306 1740 385 1799 vires
412 1758 492 1798 meas
518 1736 681 1806 desiderat,
708 1756 769 1797 non
791 1736 899 1811 rosina,
931 1759 989 1799 non
1011 1746 1119 1818 amici,

234 1839 296 1879 non
308 1819 459 1895 elientes,
484 1838 544 1878 non
565 1816 691 1896 hospites
712 1838 727 1875 ι·
739 1837 794 1877 nec
810 1821 888 1878 enim
909 1829 1037 1899 unquam
1057 1824 1120 1885 sum

235 1898 359 1961 assensus
382 1901 475 1960 veteri
493 1899 533 1958 ilii
556 1898 733 1977 laudatoque
755 1898 933 1979 proverbio,
954 1902 1034 1979 quod
1054 1924 1120 1964 tno-
1178 1902 1185 1910 ’

228 1992 287 2042 'net
299 2025 308 2054 ,
330 1982 441 2041 mature
453 1977 526 2042 sieri
539 1978 654 2048 senem,
672 1981 697 2037 si
715 1979 764 2039 diu
776 1981 850 2039 velis
869 1977 926 2039 esse
940 1978 1036 2042 senex.
1054 1982 1121 2064 Ego

235 2064 310 2123 vero
330 2082 377 2122 tne
395 2062 489 2122 minias
510 2061 559 2120 diu
588 2060 686 2121 senem
715 2056 771 2119 esse
798 2060 934 2131 maliem,
958 2060 1045 2142 quim
1064 2064 1122 2126 esse

234 2143 335 2203 senem
357 2161 444 2212 ante,
487 2140 552 2202 uiam
573 2141 671 2203 essent.
693 2138 794 2222 ltaque
815 2161 904 2202 nemo
927 2143 1021 2205 adhuc
1045 2166 1122 2207 con·

236 2224 340 2286 venire
361 2244 410 2285 nte
428 2163 542 2294 vo‘suit,
562 2225 609 2282 cui
632 2221 737 2282 suerint
751 2239 823 2282 otcu
847 2240 919 2283 atus,
991 2225 998 2234 ⁴

280 2325 330 2387 33.
350 2306 392 2365 At
410 2305 506 2365 minio
522 2303 616 2366 habeo
633 2304 758 2375 vitium,
784 2324 871 2384 quant
890 2301 1018 2366 vesirsnn
1041 2320 1124 2371 uteri

237 2387 293 2447 vis.
311 2383 378 2449 Nec
400 2406 456 2446 vos
473 2385 592 2467 quidem
612 2382 651 2444 Τ.
668 2381 960 2452 Ροηύῖσεητιιτίοηὶς
977 2391 1053 2450 vires
1070 2393 1122 2452 ha·

237 2466 334 2529 betis:
357 2487 428 2526 num
454 2467 563 2530 idcirco
585 2462 627 2526 est
656 2464 705 2540 isle
733 2465 934 2545 praestantiori
955 2469 1122 2535 moderatio

237 2543 332 2612 modi>
343 2549 450 2609 virium
460 2547 556 2620 adsit,
576 2547 609 2609 &
624 2562 756 2617 tantum,
774 2564 913 2627 quantum
928 2548 1023 2627 potest
1044 2553 1122 2631 quis.

237 2630 453 2711 que,nitatttr:
472 2650 515 2689 nae
533 2626 583 2689 ille
603 2647 663 2687 non
683 2644 792 2706 magno
811 2627 957 2689 desiderio
976 2633 1122 2693 tenebitur

236 2712 355 2772 vitium.
366 2710 519 2792 Olympiae
531 2729 583 2788 per
594 2706 717 2775 stadium
735 2706 871 2788 ingressus
889 2706 945 2769 esse
958 2708 1033 2770 Milo
1050 2714 1124 2774 diei.

237 2808 309 2865 tur,
354 2812 423 2851 uuna
442 2791 568 2851 humeris
590 2787 739 2859 sustineret
754 2788 864 2852 bovem
881 2791 994 2850 vivum.
1016 2791 1125 2864 Utritm

181 2898 184 2905 ·
238 2811 391 2955 igitut‘itas
403 2873 535 2952 corporis
545 2915 555 2943 ,
573 2892 609 2931 an
629 2866 803 2951 Pythagorae
817 2870 869 2929 tibi
882 2869 964 2930 malis
986 2874 1063 2935 vires
1081 2879 1124 2936 ina

238 2954 318 3037 genii
329 2954 394 3020 dati
406 2952 417 3013 i
427 2951 566 3033 Denique
579 2950 632 3011 isio
640 2950 721 3010 bono
734 2968 831 3021 utare,
845 2951 914 3011 dum
926 2952 1014 3015 adsit:
1031 2978 1126 3037 quum⁴

237 3035 336 3111 absit,
351 3025 394 3095 'ne
412 3034 555 3117 requiras:
572 3035 627 3098 nisi
643 3030 720 3105 forte
739 3030 937 3101 adolescentes
948 3037 1101 3114 pueritiam
1109 3085 1126 3113 ,.
1205 3077 1210 3088 ·

270 3160 360 3213 2011:
370 3160 413 3211 isle
424 3158 527 3211 Graet'iae.
536 3159 664 3227 Agamem·
697 3157 795 3209 Constat
828 3160 889 3212 enin
922 3164 1036 3214 neminen
1071 3168 1125 3232 post

203 3229 217 3246 ''
236 3241 297 3280 non.
495 3238 499 3249 ·
697 3222 840 3274 consulatum
858 3223 920 3277 fuisse
938 3226 1051 3279 tnbunnn
1080 3232 1125 3283 nti·

274 3289 423 3355 3Tn'bnnus
440 3288 562 3340 militans.
581 3286 664 3340 Hicin
695 3288 794 3339 litarent.
1091 3299 1093 3305 ·

237 3356 358 3414 cicerone
383 3356 503 3405 mentone
531 3353 610 3405 vitiant
622 3366 666 3402 at·
731 3368 748 3413 4
764 3356 842 3402 Curia.
860 3352 885 3403 in
900 3369 943 3417 out
954 3354 1069 3417 sententie
1088 3359 1126 3421 (Ιί-ι

238 3423 289 3489 guit
311 3420 427 3475 Muretus.
445 3420 500 3470 Non
517 3419 578 3468 enim
594 3416 666 3469 tribu·
699 3413 812 3467 cebantnr
827 3419 887 3483 apud
906 3420 1017 3475 senatum.
1031 3422 1125 3487 Rostra,

239 3501 285 3537 nus
301 3479 424 3545 militaris,¹
443 3483 482 3536 sed
500 3483 588 3547 legatas
608 3481 668 3545 apud
701 3480 834 3545 §aggestum
851 3484 873 3534 in
893 3482 962 3539 soto.
973 3486 1034 3541 unde
1048 3485 1130 3558 verb(

239 3550 412 3625 Thermopylas
438 3548 585 3619 depugnavit
597 3546 670 3609 cato.
703 3544 819 3607 iaciebant
834 3548 864 3606 ad
882 3550 1003 3622 populun»,
1036 3609 1042 3618 ,
1097 3548 1101 3560 “
