2817 4267
464 393 472 412 '
514 393 575 459 De
614 391 900 459 §nurerum
1091 414 1148 480 ¹5³

313 506 340 562 a.
361 499 432 565 Hoc
453 503 532 563 enim
552 507 664 574 oriere,
686 501 767 584 quod
786 504 856 563 mihi
875 511 973 565 tetum
993 515 1151 564 commune

286 580 335 656 eil,
357 601 406 645 aut
420 583 645 665 jam'urgentis3
664 603 714 645 aut
732 586 810 645 certe
823 585 1004 645 adventantis
1021 581 1150 645 senestu-

285 665 332 737 tis,
348 666 437 739 dete,
458 666 491 728 δι
511 684 558 725 me
576 663 669 745 ipsum
689 666 779 725 levari
793 666 888 726 volo:
910 668 964 727 etsi
985 667 1149 747 tequidem

287 742 309 803 id
319 744 627 826 modicbacsapienter
647 745 745 824 (sicut
757 744 877 827 omnia)
896 747 928 808 δι
946 746 1040 821 ferre,
1059 748 1090 810 δ(
1106 748 1149 807 la·

287 839 365 886 turum
382 825 440 887 effe
455 828 543 887 eertb
563 825 632 886 scio.
653 825 712 885 Sed
730 828 821 900 mihi,
841 848 930 908 quum
949 830 985 888 de
1003 828 1148 891 seneiiure

288 904 375 986 uliquid
389 908 497 968 vellem
508 908 653 979 scribere,
677 925 709 966 tu
723 910 895 968 occurrebas
911 909 1011 990 dignus
1025 929 1067 980 ιο
1084 911 1162 970 mu·'

289 1004 359 1057 nere,
371 1009 430 1068 quo
444 1005 567 1069 uterque
578 988 705 1048 nostrum
718 990 910 1049 communiter
920 1007 1058 1052 uteretur.
1071 990 1147 1051 Mihi

221 1093 223 1103 ¹
290 1067 386 1143 quidem
406 1071 446 1129 ita
465 1066 590 1147 jucunda
602 1065 685 1145 hujus
700 1069 765 1130 libri
781 1069 923 1140 eonfediio
942 1070 1015 1141 fuit,
1039 1091 1146 1134 utnon

289 1148 362 1207 nodi>
377 1169 480 1209 omnes
505 1152 520 1229 ς’
543 1147 701 1210 absterserit
731 1149 881 1226 [enedutis
902 1150 1072 1227 molestias,
1096 1154 1147 1216 led

290 1224 396 1289 effecerit
423 1230 546 1291 mollem
562 1232 648 1290 etiam
670 1228 875 1309 &jucundam
894 1230 1077 1294 senedutem.

336 1352 343 1369 .
357 1310 522 1394 Numquam
537 1312 624 1392 igitur
647 1311 710 1370 satis
726 1312 835 1372 laudari
856 1312 942 1391 digne
958 1315 1064 1393 poterit
1083 1311 1146 1392 phi·

291 1328 413 1469 loirphim
438 1394 485 1451 cui
511 1395 559 1472 qui
576 1401 692 1473 pareat,
719 1412 808 1453 omne
834 1396 950 1472 tempus
973 1395 1063 1453 aetatis
1084 1396 1146 1455 sine

240 1495 247 1506 ··
292 1470 399 1532 molestia
416 1475 509 1554 possit
532 1474 649 1553 degere.
667 1474 686 1534 6
707 1472 766 1533 Sed
790 1474 827 1533 de
851 1477 953 1534 ceteris
972 1477 1003 1536 dt
1022 1475 1145 1535 diximus

291 1551 372 1630 multa,
397 1554 429 1614 dt
447 1554 522 1632 saepe
539 1554 669 1613 dicemus
690 1573 697 1611 r
725 1555 801 1614 hunc
822 1556 927 1614 librum
943 1555 981 1615 de
1002 1554 1145 1617 senectute

290 1632 351 1706 adpre
367 1636 506 1694 misimus.
526 1633 657 1698 Omnem
677 1644 773 1695 aurem
794 1635 956 1697 sermonem
975 1639 1165 1712 tribuimus,-

244 1739 248 1748 ·
289 1728 330 1770 non
349 1735 367 1791 7
388 1713 539 1786 Tithono,
569 1732 600 1775 ut
629 1716 727 1775 Aristo
746 1715 858 1788 Chius,
893 1738 929 1778 ne
950 1740 1052 1796 parum
1075 1718 1144 1780 'ellet

288 1793 435 1878 pudoritatis
458 1799 487 1855 in
504 1795 615 1868 fabula3
635 1797 684 1854 sed
710 1796 753 1857 M.
777 1797 883 1858 Caroni
904 1801 981 1871 leni,
999 1802 1058 1879 qui)
1083 1817 1145 1859 ma·

287 1889 358 1944 torem
377 1875 575 1937 audioritatem
586 1878 705 1953 liaberet
721 1882 815 1938 oratio
833 1900 839 1936 :
859 1880 934 1958 apud
953 1899 1058 1958 quem,
1080 1880 1144 1938 Lie-

288 1950 338 2014 lium
353 1957 421 2018 &8
448 1957 494 2017 Sci
518 1960 617 2019 ionem
643 1958 762 2018 facimus
787 1959 981 2031 admirantes,
1010 1960 1092 2038 qubd
1120 1962 1144 2020 is

286 2048 325 2093 tarn
334 2035 412 2098 facile
422 1981 597 2098 senegutern
612 2038 702 2112 ferat,
715 2042 807 2119 iisque
825 2060 891 2099 eum
904 2038 1142 2118 respondentem:

267 2120 318 2193 ,qui
334 2121 356 2177 si
376 2120 514 2178 eruditius
531 2122 677 2181 videbitur
701 2121 862 2199 disputare,
883 2121 970 2200 quint
993 2118 1145 2181 consuevit

281 2192 363 2274 ipsein
384 2198 440 2260 suis
456 2201 554 2272 libris,
579 2200 730 2260 attribuito
748 2199 859 2261 Graecis
882 2202 1004 2272 litteris,
1023 2221 1144 2283 quarum

279 2278 445 2340 eonllareum
459 2280 668 2361 perstudiosum
687 2279 768 2342 luille'
781 2284 807 2340 in
828 2282 982 2346 seneuure.
1001 2280 1058 2343 Sed
1072 2282 1143 2365 quid

277 2378 336 2438 opus
355 2360 396 2421 est
417 2362 521 2441 plura?
542 2361 599 2439 jam
614 2363 690 2421 enim
711 2365 800 2443 ipsius
811 2362 930 2424 Catonis
945 2364 1040 2424 sermo
1051 2363 1167 2447 expli-I

274 2442 336 2503 tabit
355 2441 618 2511 nostramomnem
638 2444 674 2501 de
696 2442 839 2506 lenedlute
858 2446 1038 2506 sententiam.
1157 2496 1161 2502 .

224 2549 228 2558 ·
303 2523 337 2585 ll.
359 2522 479 2584 Serum.
499 2523 705 2603 Saepenumero
734 2528 866 2584 admirari
890 2528 971 2586 ioleo
993 2545 1060 2585 curn
1085 2526 1143 2587 hoe

271 2599 299 2664 C.
312 2605 422 2675 Laelio,
445 2623 511 2664 tum
529 2624 691 2663 ceterarum
712 2626 804 2665 rerum
829 2624 907 2666 tuam
929 2607 1144 2680 excellentem,

258 2677 306 2745 M.
319 2685 415 2757 Cato,
440 2684 653 2765 perfebiamque
670 2685 853 2765 sapientiam,
865 2706 926 2745 tum
939 2688 986 2744 vel
999 2687 1144 2759 maxime,

265 2768 337 2852 qubd
349 2787 505 2847 numquam
518 2765 691 2826 senestutem
708 2768 758 2826 tibi
778 2787 897 2847 gravem
920 2764 978 2825 elle
990 2765 1120 2823 senserim
1132 2788 1142 2836 ;

265 2869 324 2928 qrrae
336 2845 480 2929 plerisque
491 2848 606 2908 senibus
618 2850 658 2907 sic
669 2848 769 2908 odiosa
780 2847 819 2906 est
832 2893 840 2920 ,
855 2865 885 2907 ut
898 2846 1012 2926 onus'se
1032 2867 1041 2904 ι
1054 2845 1146 2906 Εῑηᾶ

261 2917 375 3010 grivius
397 2928 493 2990 dicant
513 2927 659 2989 sustinere.
682 2926 786 2989 Caro.
806 2929 882 2988 Rem
900 2930 975 2989 haud
997 2926 1145 2993 {medii-¹

291 3073 302 3119 5
322 3058 463 3123 Absterserin
479 3055 624 3117 Abssulent,
642 3052 684 3105 de·
716 3052 819 3107 ciendam
837 3053 911 3105 lerunt
928 3054 1017 3107 fabula.

259 3122 349 3173 leverit.
476 3168 479 3172 .
529 3119 542 3157 Γ
593 3160 595 3165 ,
714 3135 716 3139 ’
749 3118 1078 3184 dScipionern.·Aiticanum
1099 3121 1144 3172 mi·

288 3190 305 3238 6
338 3186 387 3235 Sed
413 3188 439 3234 de
462 3188 552 3238 cereris.
590 3183 682 3248 Nempe
715 3184 1145 3241 norem.amicitiltumleliocon-

253 3251 404 3319 pbilolbuhiae
424 3250 563 3300 utilitatibus.
596 3268 599 3271 ⁴
714 3248 888 3312 junuissinun.

286 3333 303 3379 7
327 3316 440 3366 Tithono.
461 3313 626 3365 laomedontis
650 3312 681 3364 li·
749 3326 759 3361 1
787 3311 875 3365 AEtna.
906 3313 1026 3367 ditissimo
1058 3311 1154 3365 Siciliae-

253 3379 309 3435 uo,
336 3381 373 3432 cui
396 3378 501 3445 profesto
523 3380 544 3431 in
567 3381 681 3429 orientem
715 3389 810 3438 monte,
835 3379 896 3431 unde
921 3382 986 3446 ignes
1013 3378 1141 3432 identidem

255 3445 446 3509 nurmanupsir..
462 3442 529 3494 liunt
546 3443 614 3509 longi
634 3443 681 3497 les·
714 3454 843 3509 erumpunt.
1138 3448 1144 3453 ·
1185 3453 1193 3462 ·

254 3510 304 3562 lum
335 3523 404 3564 attare
428 3520 539 3562 mutarunt
562 3503 625 3562 luiile
657 3510 681 3560 in
