2817 4267
211 402 214 406 ’
297 429 341 505 34
435 418 443 438 ¹
524 411 957 495 montosus
1024 437 1028 444 ·
1107 437 1115 458 ¹

297 543 351 586 nes
365 541 425 584 non
439 513 594 583 inse'riores
612 522 800 598 militaribus3
816 525 847 585 in
869 525 974 606 quibus
1015 521 1155 587 luserim

294 603 386 687 ⁸qudm
398 605 428 663 in
443 602 486 662 his
497 644 508 672 ,
521 622 620 683 operae
629 602 771 685 studiique
783 604 952 685 ponendum
962 542 1016 667 ell.

340 682 453 746 xxm.
473 680 606 744 Omnino
625 684 697 743 illud
716 683 868 746 honestum
892 727 902 756 ‚
924 686 1004 766 quod
1027 706 1064 745 ex
1082 688 1155 762 anim

293 762 414 859 ·e¹celsq
433 761 647 858 mqqnificoque
664 767 840 845 quatinus,
857 767 945 825 animi
961 762 1088 825 efficitur
1100 814 1109 835 ,
1122 786 1155 826 nt

212 947 214 951 .
296 844 1155 1008 tsstlirs‘li·lslt‘rsss'ss‘dtlfflssssllzz550⁵:

297 1008 329 1067 in
342 1005 531 1087 exsequendis
541 1007 685 1087 negotiis,
703 1006 736 1067 δι
751 1006 779 1063 in
791 1006 891 1068 labore
903 1006 1067 1068 tolerando.
1078 1006 1155 1081 Hon

296 1084 373 1148 slum
385 1105 481 1148 aurem
496 1087 548 1157 id,
568 1086 649 1166 quod
667 1086 841 1167 exquirimus
856 1129 866 1159 ,
885 1103 980 1148 torum
998 1087 1039 1147 esl
1052 1090 1151 1166 positu

296 1167 436 1229 inanimi
458 1188 527 1226 cura
550 1168 581 1227 δι
599 1167 776 1248 cogitatione
793 1187 803 1241 ;
823 1169 858 1225 in
883 1188 942 1249 quo
958 1188 1018 1227 non
1038 1169 1153 1228 minore

297 1245 656 1387 utilitatemalserunt‚qui
667 1248 757 1329 togati
765 1246 931 1327 reipublicae
942 1245 1150 1330 presunt‚qui

301 1405 303 1408 Ι
322 1330 351 1389 ui
361 1329 470 1390 bellum
483 1343 595 1411 gerunt.
624 1348 710 1409 taque
726 1346 828 1388 eorum
840 1327 1049 1409 consilio‘saepe
1062 1348 1111 1388 ant
1121 1350 1155 1390 no

299 1349 431 1493 ?uscepta
442 1433 459 1481 ‚·
469 1427 516 1469 aut
535 1406 663 1468 confessa
676 1408 753 1469 bella
763 1408 846 1481 sunt,
865 1429 1075 1490 nonuunquam
1096 1412 1152 1469 etia

299 1492 379 1551 illata
390 1514 401 1565 ;
419 1510 451 1550 ut
467 1489 511 1550 M.
523 1488 645 1550 Catonis
655 1489 765 1550 belluni
778 1491 895 1551 tertium
905 1486 1044 1552 Punicum
1054 1533 1064 1565 ,
1074 1490 1111 1550 in
1121 1511 1155 1572 qu

299 1574 388 1633 etiam
399 1572 505 1631 mortui
521 1568 781 1630 valuitaudloritas.
1055 1595 1068 1644 j

352 1649 402 1712 80.
421 1648 523 1729 Quare
543 1651 709 1731 expetenda
750 1650 847 1710 uidem
864 1649 954 1731 magis
977 1646 1019 1710 esi
1046 1672 1057 1711 r
1076 1649 1155 1711 dece

299 1732 389 1791 nendi
400 1728 582 1812 rari0,qudm
596 1672 764 1791 decertandi
773 1729 930 1791 fortitudo:
942 1728 991 1790 sed
999 1730 1155 1791 cavendun

300 1832 340 1874 ne
352 1813 381 1872 id
393 1811 523 1871 bellandi
533 1812 622 1893 magis
632 1811 699 1893 lugd
710 1856 718 1883 ‚
731 1810 817 1894 quium
828 1810 957 1871 utilitatis
973 1812 1085 1871 ratione
1099 1810 1154 1872 faci

298 1911 376 1955 πως.
387 1890 500 1960 Bellum
514 1903 609 1952 autem
621 1892 659 1952 ita
671 1890 832 1972 suscipiatur
846 1935 855 1963 ‚
873 1908 905 1951 ut
922 1890 991 1949 nihil
1008 1890 1110 1963 aliud,
1129 1895 1155 1951 ni

250 2005 287 2052 ,ῃ
299 1995 358 2057 pax
370 1976 488 2056 quaesira
497 1974 639 2034 videatur.
652 1972 745 2032 Fortis
755 1974 829 2033 verb
839 1973 872 2032 δι
883 1968 1039 2032 constantis
1049 1969 1109 2042 est,
1122 1993 1155 2031 nr

301 2054 463 2137 perturbari
485 2056 515 2113 in
534 2054 619 2114 rebus
633 2052 763 2133 asperis,
788 2072 841 2112 nec
864 2051 1122 2112 ntumulruantem
1145 2076 1155 2112 r

299 2137 390 2278 fraudu
401 2133 505 2215 dejici,
522 2152 555 2194 ot
571 2134 674 2194 dicitur
687 2154 696 2207 ;
718 2132 767 2193 sed
777 2133 921 2214 praesentis
934 2134 1022 2193 animi
1034 2134 1075 2193 uti
1088 2154 1155 2195 cons

312 2238 365 2287 ro,
383 2236 438 2275 nec
454 2216 593 2273 aratione
606 2214 762 2275 discedere.
928 2269 933 2278 ,

244 2299 251 2306 ’
343 2296 391 2358 81.
410 2294 632 2375 unamquam
659 2295 716 2355 hoc
738 2294 852 2366 animi,
878 2292 950 2353 illud
969 2292 1056 2354 etiam
1073 2294 1155 2375 inger

299 2378 394 2456 magni
411 2373 471 2448 esl;
484 2377 640 2455 praecipere
657 2375 834 2455 cogitatione
852 2372 966 2447 sutura,
981 2376 1013 2435 ἃ
1033 2373 1155 2455 aliquant

298 2476 367 2517 nme
386 2455 581 2524 constituere,
597 2455 815 2535 quidaccidere
838 2457 929 2535 possit
948 2475 968 2529 4
987 2456 1155 2534 iuuttamqr

298 2558 434 2620 parrem3
452 2536 484 2599 &
505 2536 575 2617 quid
591 2536 735 2616 agendum
753 2538 807 2604 sit,
832 2555 920 2615 quum
940 2534 1009 2614 quid
1029 2539 1155 2595 evenerit

299 2637 356 2679 nec
374 2620 556 2678 committere
574 2634 646 2689 ‚·ut
675 2616 829 2696 aliquando
850 2616 1004 2675 dicendum
1021 2616 1059 2673 sit
1080 2660 1087 2683 ‚
1112 2618 1155 2676 No

295 2721 433 2783 purarum.
452 2697 523 2759 Haec
537 2697 599 2757 sunt
614 2717 703 2778 opera
718 2700 811 2777 magni
825 2699 928 2762 animi,
951 2696 983 2756 ἃ
1001 2696 1109 2756 excelsi
1119 2742 1127 2765 ,
1137 2696 1155 2755 'l

299 2779 453 2865 prudentii
466 2780 645 2859 consilioque
667 2776 793 2836 fidentis.
807 2776 935 2836 Temerd
957 2792 1055 2835 autem
1075 2778 1104 2835 in
1120 2799 1151 2835 ac

251 2925 253 2930 ,
300 2861 428 2930 versari,
447 2862 474 2919 dt
490 2881 574 2921 manu
589 2879 655 2919 cum
667 2857 747 2917 holle
760 2858 918 2937 confligere
930 2901 940 2928 ‚
954 2858 1080 2915 immane
1097 2862 1155 2938 quit

298 2940 367 3001 dam
378 2942 408 3001 dc
423 2940 582 2999 belluarum
597 2938 689 2997 simile
702 2936 741 2996 esl
751 2958 758 2997 :
769 2936 816 2998 sed
829 2958 917 3017 quum
928 2956 1043 3015 tempus
1053 2958 1155 2997 necess

296 3018 399 3101 sasque
407 3018 533 3097 pullulat
546 3062 555 3090 ‚
573 3018 778 3079 decertandum
793 3038 879 3078 manu
892 3016 954 3091 est,
963 3018 993 3079 dt
1006 3038 1085 3078 mors
1097 3016 1155 3079 seri

298 3103 355 3165 tuti
366 3100 595 3183 turpitudinique
603 3098 815 3179 anteponenda.
1136 3112 1142 3118 ·

273 3299 276 3305 ,
334 3267 346 3303 ι
371 3245 527 3300 Deiemm'di.
545 3245 662 3299 statuendi
680 3245 722 3296 ali·
754 3258 800 3295 non
819 3244 945 3308 perturbari
963 3280 971 3307 ,
991 3244 1020 3298 de
1037 3246 1109 3313 gradu
1132 3261 1155 3298 m

300 3318 355 3386 quid
382 3312 644 3367 'rudeniiddrcomilim
756 3308 836 3373 dejici.

336 3331 724 3440 2lumlmamm.Tumulruagi-
798 3392 814 3437 4
832 3372 861 3424 Iu
879 3390 998 3439 utromque
1016 3390 1115 3439 portem.
1134 3376 1155 3428 St

276 3461 280 3474 ⁴
300 3455 392 3501 ratuni.
407 3443 571 3509 perturbatum.
754 3438 835 3502 solit,
861 3439 901 3493 scu
926 3439 1057 3498 inunum.

334 3521 350 3577 3
375 3509 520 3580 Quanquam
538 3507 591 3561 lot.
611 3503 724 3572 Nempe.
