<?xml version="1.0" encoding="UTF-8"?>
<!DOCTYPE html PUBLIC "-//W3C//DTD XHTML 1.0 Transitional//EN"
    "http://www.w3.org/TR/xhtml1/DTD/xhtml1-transitional.dtd">
<html xmlns="http://www.w3.org/1999/xhtml" xml:lang="en" lang="en">
 <head>
  <title>
</title>
<meta http-equiv="Content-Type" content="text/html;charset=utf-8" />
  <meta name='ocr-system' content='tesseract 3.04.00' />
  <meta name='ocr-capabilities' content='ocr_page ocr_carea ocr_par ocr_line ocrx_word'/>
</head>
<body>
  <div class='ocr_page' id='page_1' title='image "./selectaoperaphi00cicegoog_0270.png"; bbox 0 0 2817 4267; ppageno 0'>
   <div class='ocr_carea' id='block_1_1' title="bbox 304 391 954 482">
    <p class='ocr_par' dir='ltr' id='par_1_1' title="bbox 304 391 954 482">
     <span class='ocr_line' id='line_1_1' title="bbox 304 391 954 482; baseline -0.006 -16"><span class='ocrx_word' id='word_1_1' title='bbox 304 391 403 466; x_wconf 65' lang='lat'>480.</span> <span class='ocrx_word' id='word_1_2' title='bbox 547 397 954 482; x_wconf 71' lang='lat' dir='ltr'>Tuscuutttantrtt</span> 
     </span>
    </p>
   </div>
   <div class='ocr_carea' id='block_1_2' title="bbox 307 497 1189 728">
    <p class='ocr_par' dir='ltr' id='par_1_2' title="bbox 307 497 1189 728">
     <span class='ocr_line' id='line_1_2' title="bbox 307 497 1189 580; baseline 0 -12"><span class='ocrx_word' id='word_1_3' title='bbox 307 505 465 568; x_wconf 72' lang='lat' dir='ltr'>dPlatone</span> <span class='ocrx_word' id='word_1_4' title='bbox 491 503 525 567; x_wconf 77' lang='lat' dir='ltr'>dt</span> <span class='ocrx_word' id='word_1_5' title='bbox 553 497 695 578; x_wconf 63' lang='lat' dir='ltr'>Socrate,</span> <span class='ocrx_word' id='word_1_6' title='bbox 726 506 759 570; x_wconf 73' lang='lat' dir='ltr'>dt</span> <span class='ocrx_word' id='word_1_7' title='bbox 781 505 819 566; x_wconf 81' lang='lat' dir='ltr'>ab</span> <span class='ocrx_word' id='word_1_8' title='bbox 846 525 883 567; x_wconf 79' lang='lat' dir='ltr'>ea</span> <span class='ocrx_word' id='word_1_9' title='bbox 898 501 1015 569; x_wconf 72' lang='lat' dir='ltr'>&#39;familia</span> <span class='ocrx_word' id='word_1_10' title='bbox 1039 501 1189 580; x_wconf 68' lang='lat' dir='ltr'>diffidenn</span> 
     </span>
     <span class='ocr_line' id='line_1_3' title="bbox 307 585 1187 728; baseline 0 -80"><span class='ocrx_word' id='word_1_11' title='bbox 307 585 476 728; x_wconf 67' lang='lat' dir='ltr'>aqpolltndi</span> <span class='ocrx_word' id='word_1_12' title='bbox 495 585 656 667; x_wconf 82' lang='lat' dir='ltr'>videntur)</span> <span class='ocrx_word' id='word_1_13' title='bbox 683 606 746 647; x_wconf 93' lang='lat' dir='ltr'>non</span> <span class='ocrx_word' id='word_1_14' title='bbox 764 585 857 648; x_wconf 80' lang='lat' dir='ltr'>modb</span> <span class='ocrx_word' id='word_1_15' title='bbox 882 585 957 648; x_wconf 88' lang='lat' dir='ltr'>nibil</span> <span class='ocrx_word' id='word_1_16' title='bbox 984 599 1111 670; x_wconf 82' lang='lat' dir='ltr'>unquam</span> <span class='ocrx_word' id='word_1_17' title='bbox 1130 606 1187 650; x_wconf 82' lang='lat' dir='ltr'>tam</span> 
     </span>
    </p>
   </div>
   <div class='ocr_carea' id='block_1_3' title="bbox 204 665 1225 3187">
    <p class='ocr_par' dir='ltr' id='par_1_3' title="bbox 204 665 1225 3187">
     <span class='ocr_line' id='line_1_4' title="bbox 308 665 1188 750; baseline -0.002 -20"><span class='ocrx_word' id='word_1_18' title='bbox 308 687 458 750; x_wconf 83' lang='lat' dir='ltr'>eeganter</span> <span class='ocrx_word' id='word_1_19' title='bbox 476 667 661 749; x_wconf 77' lang='lat' dir='ltr'>explicabunt</span> <span class='ocrx_word' id='word_1_20' title='bbox 681 711 690 736; x_wconf 88' lang='lat'>,</span> <span class='ocrx_word' id='word_1_21' title='bbox 719 665 769 728; x_wconf 86' lang='lat' dir='ltr'>sed</span> <span class='ocrx_word' id='word_1_22' title='bbox 789 687 827 730; x_wconf 85' lang='lat' dir='ltr'>ue</span> <span class='ocrx_word' id='word_1_23' title='bbox 848 667 907 729; x_wconf 89' lang='lat' dir='ltr'>boc</span> <span class='ocrx_word' id='word_1_24' title='bbox 938 665 1188 750; x_wconf 73' lang='lat' dir='ltr'>quidemipsttm,</span> 
     </span>
     <span class='ocr_line' id='line_1_5' title="bbox 307 745 1187 844; baseline 0.001 -35"><span class='ocrx_word' id='word_1_25' title='bbox 307 749 395 830; x_wconf 74' lang='lat' dir='ltr'>qudm</span> <span class='ocrx_word' id='word_1_26' title='bbox 408 745 550 810; x_wconf 83' lang='lat' dir='ltr'>subtiliter</span> <span class='ocrx_word' id='word_1_27' title='bbox 565 745 734 812; x_wconf 84' lang='lat' dir='ltr'>conclusum</span> <span class='ocrx_word' id='word_1_28' title='bbox 747 749 799 820; x_wconf 85' lang='lat' dir='ltr'>sit,</span> <span class='ocrx_word' id='word_1_29' title='bbox 816 748 995 844; x_wconf 70' lang='lat' dir='ltr'>intelligent.</span> <span class='ocrx_word' id='word_1_30' title='bbox 1007 747 1104 810; x_wconf 83' lang='lat' dir='ltr'>Sentit</span> <span class='ocrx_word' id='word_1_31' title='bbox 1111 749 1187 832; x_wconf 72' lang='lat' dir='ltr'>igiter</span> 
     </span>
     <span class='ocr_line' id='line_1_6' title="bbox 306 825 1187 911; baseline 0.003 -21"><span class='ocrx_word' id='word_1_32' title='bbox 306 832 418 890; x_wconf 79' lang='lat' dir='ltr'>animus</span> <span class='ocrx_word' id='word_1_33' title='bbox 433 829 589 890; x_wconf 79' lang='lat' dir='ltr'>semoveri</span> <span class='ocrx_word' id='word_1_34' title='bbox 602 850 610 890; x_wconf 84' lang='lat' dir='ltr'>t</span> <span class='ocrx_word' id='word_1_35' title='bbox 628 827 787 911; x_wconf 80' lang='lat' dir='ltr'>quodcum</span> <span class='ocrx_word' id='word_1_36' title='bbox 799 825 900 900; x_wconf 83' lang='lat' dir='ltr'>sentit,</span> <span class='ocrx_word' id='word_1_37' title='bbox 913 829 990 902; x_wconf 74' lang='lat' dir='ltr'>illud</span> <span class='ocrx_word' id='word_1_38' title='bbox 1000 827 1061 902; x_wconf 72' lang='lat' dir='ltr'>und</span> <span class='ocrx_word' id='word_1_39' title='bbox 1071 829 1187 894; x_wconf 75' lang='lat' dir='ltr'>sentisse</span> 
     </span>
     <span class='ocr_line' id='line_1_7' title="bbox 306 908 1200 992; baseline -0.001 -21"><span class='ocrx_word' id='word_1_40' title='bbox 306 912 339 971; x_wconf 77' lang='lat' dir='ltr'>vi</span> <span class='ocrx_word' id='word_1_41' title='bbox 356 908 423 983; x_wconf 72' lang='lat' dir='ltr'>sud,</span> <span class='ocrx_word' id='word_1_42' title='bbox 447 931 507 978; x_wconf 87' lang='lat' dir='ltr'>non</span> <span class='ocrx_word' id='word_1_43' title='bbox 527 910 630 980; x_wconf 68' lang='lat' dir='ltr'>alieni,</span> <span class='ocrx_word' id='word_1_44' title='bbox 654 911 789 981; x_wconf 80' lang='lat' dir='ltr'>moveri,</span> <span class='ocrx_word' id='word_1_45' title='bbox 810 930 866 972; x_wconf 88' lang='lat' dir='ltr'>nec</span> <span class='ocrx_word' id='word_1_46' title='bbox 878 909 1016 972; x_wconf 84' lang='lat' dir='ltr'>accidere</span> <span class='ocrx_word' id='word_1_47' title='bbox 1038 908 1200 992; x_wconf 64' lang='lat' dir='ltr'>possm.</span> 
     </span>
     <span class='ocr_line' id='line_1_8' title="bbox 306 983 1214 1074; baseline 0.006 -24"><span class='ocrx_word' id='word_1_48' title='bbox 306 989 367 1073; x_wconf 85' lang='lat' dir='ltr'>ipse</span> <span class='ocrx_word' id='word_1_49' title='bbox 380 990 507 1072; x_wconf 82' lang='lat' dir='ltr'>unquam&#39;</span> <span class='ocrx_word' id='word_1_50' title='bbox 519 991 536 1054; x_wconf 76' lang='lat' dir='ltr'>b</span> <span class='ocrx_word' id='word_1_51' title='bbox 548 990 585 1052; x_wconf 88' lang='lat' dir='ltr'>se.</span> <span class='ocrx_word' id='word_1_52' title='bbox 595 983 750 1053; x_wconf 80' lang='lat' dir='ltr'>deseratur.</span> <span class='ocrx_word' id='word_1_53' title='bbox 762 989 807 1052; x_wconf 76' lang='lat' dir='ltr'>Ex</span> <span class='ocrx_word' id='word_1_54' title='bbox 818 1011 880 1074; x_wconf 89' lang='lat' dir='ltr'>quo</span> <span class='ocrx_word' id='word_1_55' title='bbox 893 987 1021 1052; x_wconf 85' lang='lat' dir='ltr'>efficitur</span> <span class='ocrx_word' id='word_1_56' title='bbox 1031 993 1187 1068; x_wconf 60' lang='lat' dir='ltr'>aleruittu</span> <span class='ocrx_word' id='word_1_57' title='bbox 1210 1005 1214 1010; x_wconf 87' lang='lat'>&#39;</span> 
     </span>
     <span class='ocr_line' id='line_1_9' title="bbox 310 1069 1188 1156; baseline 0.005 -25"><span class='ocrx_word' id='word_1_58' title='bbox 310 1074 392 1132; x_wconf 84' lang='lat' dir='ltr'>rnisi</span> <span class='ocrx_word' id='word_1_59' title='bbox 404 1075 474 1155; x_wconf 88' lang='lat' dir='ltr'>quid</span> <span class='ocrx_word' id='word_1_60' title='bbox 487 1073 574 1142; x_wconf 85' lang='lat' dir='ltr'>babes</span> <span class='ocrx_word' id='word_1_61' title='bbox 582 1073 699 1134; x_wconf 74' lang='lat' dir='ltr'>adhaec.</span> <span class='ocrx_word' id='word_1_62' title='bbox 712 1069 824 1154; x_wconf 74' lang='lat' dir='ltr'>AAEgo</span> <span class='ocrx_word' id='word_1_63' title='bbox 832 1071 908 1132; x_wconf 81' lang='lat' dir='ltr'>verb</span> <span class='ocrx_word' id='word_1_64' title='bbox 917 1071 1006 1134; x_wconf 67' lang='lat' dir='ltr'>facile</span> <span class='ocrx_word' id='word_1_65' title='bbox 1014 1071 1078 1134; x_wconf 83' lang='lat' dir='ltr'>sum</span> <span class='ocrx_word' id='word_1_66' title='bbox 1086 1069 1188 1156; x_wconf 74' lang='lat' dir='ltr'>pallus,</span> 
     </span>
     <span class='ocr_line' id='line_1_10' title="bbox 306 1151 1188 1296; baseline 0.002 -82"><span class='ocrx_word' id='word_1_67' title='bbox 306 1173 346 1250; x_wconf 74' lang='lat' dir='ltr'>ne</span> <span class='ocrx_word' id='word_1_68' title='bbox 361 1155 403 1296; x_wconf 64' lang='lat' dir='ltr'>ill&#39;</span> <span class='ocrx_word' id='word_1_69' title='bbox 418 1173 547 1295; x_wconf 65' lang='lat' dir='ltr'>tfuentersn</span> <span class='ocrx_word' id='word_1_70' title='bbox 567 1155 686 1251; x_wconf 77' lang='lat' dir='ltr'>quidem</span> <span class='ocrx_word' id='word_1_71' title='bbox 706 1152 779 1214; x_wconf 87' lang='lat' dir='ltr'>mibi</span> <span class='ocrx_word' id='word_1_72' title='bbox 805 1151 917 1236; x_wconf 82' lang='lat' dir='ltr'>aliquid</span> <span class='ocrx_word' id='word_1_73' title='bbox 941 1172 1049 1215; x_wconf 82' lang='lat' dir='ltr'>contra</span> <span class='ocrx_word' id='word_1_74' title='bbox 1073 1155 1188 1228; x_wconf 79' lang='lat' dir='ltr'>veniret</span> 
     </span>
     <span class='ocr_line' id='line_1_11' title="bbox 306 1245 1211 1308; baseline 0.002 -13"><span class='ocrx_word' id='word_1_75' title='bbox 306 1253 369 1297; x_wconf 83' lang='lat' dir='ltr'>rtar</span> <span class='ocrx_word' id='word_1_76' title='bbox 396 1257 405 1293; x_wconf 91' lang='lat' dir='ltr'>r</span> <span class='ocrx_word' id='word_1_77' title='bbox 433 1257 509 1296; x_wconf 85' lang='lat' dir='ltr'>aveo</span> <span class='ocrx_word' id='word_1_78' title='bbox 537 1252 683 1296; x_wconf 81' lang='lat' dir='ltr'>ententtae.</span> <span class='ocrx_word' id='word_1_79' title='bbox 973 1297 979 1304; x_wconf 82' lang='grc'><strong><em>,</em></strong></span> <span class='ocrx_word' id='word_1_80' title='bbox 1011 1245 1048 1270; x_wconf 67' lang='grc'>””“</span> <span class='ocrx_word' id='word_1_81' title='bbox 1165 1301 1168 1308; x_wconf 69' lang='grc'>,</span> <span class='ocrx_word' id='word_1_82' title='bbox 1199 1249 1211 1268; x_wconf 84' lang='grc'>’·</span> 
     </span>
     <span class='ocr_line' id='line_1_12' title="bbox 348 1313 1225 1398; baseline 0.002 -21"><span class='ocrx_word' id='word_1_83' title='bbox 348 1315 463 1378; x_wconf 84' lang='lat' dir='ltr'>XXIV.</span> <span class='ocrx_word' id='word_1_84' title='bbox 476 1315 581 1396; x_wconf 73' lang='lat' dir='ltr'>Quid?</span> <span class='ocrx_word' id='word_1_85' title='bbox 593 1317 642 1382; x_wconf 81' lang='lat' dir='ltr'>illa</span> <span class='ocrx_word' id='word_1_86' title='bbox 656 1314 776 1378; x_wconf 82' lang='lat' dir='ltr'>tandem</span> <span class='ocrx_word' id='word_1_87' title='bbox 787 1333 858 1376; x_wconf 87' lang='lat' dir='ltr'>num</span> <span class='ocrx_word' id='word_1_88' title='bbox 867 1313 983 1378; x_wconf 79' lang='lat' dir='ltr'>leviora</span> <span class='ocrx_word' id='word_1_89' title='bbox 992 1313 1186 1398; x_wconf 65' lang='lat' dir='ltr'>censerique</span> <span class='ocrx_word' id='word_1_90' title='bbox 1208 1325 1225 1392; x_wconf 67' lang='grc' dir='ltr'>,ζ</span> 
     </span>
     <span class='ocr_line' id='line_1_13' title="bbox 308 1395 1211 1480; baseline -0.003 -21"><span class='ocrx_word' id='word_1_91' title='bbox 308 1397 457 1459; x_wconf 87' lang='lat' dir='ltr'>declarant</span> <span class='ocrx_word' id='word_1_92' title='bbox 474 1395 561 1459; x_wconf 90' lang='lat' dir='ltr'>inesse</span> <span class='ocrx_word' id='word_1_93' title='bbox 580 1398 609 1473; x_wconf 87' lang='lat' dir='ltr'>in</span> <span class='ocrx_word' id='word_1_94' title='bbox 628 1398 730 1458; x_wconf 81' lang='lat' dir='ltr'>animis</span> <span class='ocrx_word' id='word_1_95' title='bbox 750 1395 903 1458; x_wconf 82' lang='lat' dir='ltr'>huminum</span> <span class='ocrx_word' id='word_1_96' title='bbox 919 1397 1022 1460; x_wconf 78' lang='lat' dir='ltr'>diviua</span> <span class='ocrx_word' id='word_1_97' title='bbox 1039 1397 1184 1480; x_wconf 67' lang='lat' dir='ltr'>quadan:</span> <span class='ocrx_word' id='word_1_98' title='bbox 1208 1401 1211 1406; x_wconf 87' lang='lat'>&#39;</span> 
     </span>
     <span class='ocr_line' id='line_1_14' title="bbox 307 1475 1186 1561; baseline 0 -21"><span class='ocrx_word' id='word_1_99' title='bbox 307 1498 373 1560; x_wconf 71' lang='lat' dir='ltr'>que</span> <span class='ocrx_word' id='word_1_100' title='bbox 392 1479 582 1540; x_wconf 80' lang='lat' dir='ltr'>ricemerem</span> <span class='ocrx_word' id='word_1_101' title='bbox 597 1477 844 1561; x_wconf 80' lang='lat' dir='ltr'>quemadmodum</span> <span class='ocrx_word' id='word_1_102' title='bbox 862 1475 940 1538; x_wconf 81' lang='lat' dir='ltr'>nasci</span> <span class='ocrx_word' id='word_1_103' title='bbox 956 1477 1089 1560; x_wconf 84' lang='lat' dir='ltr'>possent,</span> <span class='ocrx_word' id='word_1_104' title='bbox 1104 1479 1186 1540; x_wconf 82' lang='lat' dir='ltr'>etiam</span> 
     </span>
     <span class='ocr_line' id='line_1_15' title="bbox 307 1556 1188 1644; baseline 0 -24"><span class='ocrx_word' id='word_1_105' title='bbox 307 1561 557 1639; x_wconf 76' lang='lat' dir='ltr'>quemadmodum</span> <span class='ocrx_word' id='word_1_106' title='bbox 575 1561 725 1622; x_wconf 88' lang='lat' dir='ltr'>interirent</span> <span class='ocrx_word' id='word_1_107' title='bbox 741 1557 887 1628; x_wconf 79' lang='lat' dir='ltr'>viderem.</span> <span class='ocrx_word' id='word_1_108' title='bbox 904 1556 985 1620; x_wconf 88' lang='lat' dir='ltr'>Nam</span> <span class='ocrx_word' id='word_1_109' title='bbox 1003 1559 1188 1644; x_wconf 70' lang='lat' dir='ltr'>sanguinem,</span> 
     </span>
     <span class='ocr_line' id='line_1_16' title="bbox 209 1633 1225 1719; baseline 0.002 -19"><span class='ocrx_word' id='word_1_110' title='bbox 209 1644 214 1652; x_wconf 86' lang='lat'><em>&#39;</em></span> <span class='ocrx_word' id='word_1_111' title='bbox 306 1640 412 1713; x_wconf 84' lang='lat' dir='ltr'>bilem,</span> <span class='ocrx_word' id='word_1_112' title='bbox 432 1643 585 1719; x_wconf 80' lang='lat' dir='ltr'>pituitam,</span> <span class='ocrx_word' id='word_1_113' title='bbox 607 1639 685 1711; x_wconf 80' lang='lat' dir='ltr'>olla,</span> <span class='ocrx_word' id='word_1_114' title='bbox 706 1659 837 1715; x_wconf 81' lang='lat' dir='ltr'>nervos,</span> <span class='ocrx_word' id='word_1_115' title='bbox 862 1633 1188 1712; x_wconf 82' lang='lat' dir='ltr'>venas,-omnem&#39;de·</span> <span class='ocrx_word' id='word_1_116' title='bbox 1212 1677 1225 1710; x_wconf 76' lang='grc'>-,</span> 
     </span>
     <span class='ocr_line' id='line_1_17' title="bbox 306 1717 1225 1866; baseline 0.002 -84"><span class='ocrx_word' id='word_1_117' title='bbox 306 1720 397 1862; x_wconf 61' lang='lat' dir='ltr'>niqqe</span> <span class='ocrx_word' id='word_1_118' title='bbox 406 1719 616 1864; x_wconf 63' lang='lat' dir='ltr'>dtittembtoruqln</span> <span class='ocrx_word' id='word_1_119' title='bbox 634 1721 667 1782; x_wconf 75' lang='grc' dir='ltr'>δι</span> <span class='ocrx_word' id='word_1_120' title='bbox 684 1721 776 1782; x_wconf 81' lang='lat' dir='ltr'>totius</span> <span class='ocrx_word' id='word_1_121' title='bbox 792 1721 925 1866; x_wconf 47' lang='lat' dir='ltr'>caperis</span> <span class='ocrx_word' id='word_1_122' title='bbox 942 1717 1225 1866; x_wconf 42' lang='lat' dir='ltr'>figrrqueavideosq:</span> 
     </span>
     <span class='ocr_line' id='line_1_18' title="bbox 228 1819 1164 1864; baseline 0.002 -2"><span class='ocrx_word' id='word_1_123' title='bbox 228 1825 230 1830; x_wconf 95' lang='lat'>·</span> <span class='ocrx_word' id='word_1_124' title='bbox 331 1821 390 1863; x_wconf 92' lang='lat' dir='ltr'>oe</span> <span class='ocrx_word' id='word_1_125' title='bbox 437 1822 505 1864; x_wconf 90' lang='lat' dir='ltr'>tere</span> <span class='ocrx_word' id='word_1_126' title='bbox 543 1823 582 1863; x_wconf 88' lang='lat' dir='ltr'>un</span> <span class='ocrx_word' id='word_1_127' title='bbox 605 1819 777 1864; x_wconf 82' lang='lat' dir='ltr'>econcreta</span> <span class='ocrx_word' id='word_1_128' title='bbox 876 1823 960 1864; x_wconf 86' lang='lat' dir='ltr'>unm</span> <span class='ocrx_word' id='word_1_129' title='bbox 1003 1823 1025 1864; x_wconf 90' lang='lat' dir='ltr'>o</span> <span class='ocrx_word' id='word_1_130' title='bbox 1098 1823 1164 1864; x_wconf 84' lang='lat' dir='ltr'>asrn</span> 
     </span>
     <span class='ocr_line' id='line_1_19' title="bbox 204 1821 1186 1965; baseline 0.002 -20"><span class='ocrx_word' id='word_1_131' title='bbox 204 1871 216 1890; x_wconf 71' lang='lat'>⁸</span> <span class='ocrx_word' id='word_1_132' title='bbox 307 1821 364 1945; x_wconf 61' lang='lat' dir='ltr'>set</span> <span class='ocrx_word' id='word_1_133' title='bbox 380 1848 629 1965; x_wconf 78' lang='lat' dir='ltr'>animumlpsum,</span> <span class='ocrx_word' id='word_1_134' title='bbox 649 1882 757 1945; x_wconf 87' lang='lat' dir='ltr'>finibil</span> <span class='ocrx_word' id='word_1_135' title='bbox 771 1823 892 1948; x_wconf 65' lang='lat' dir='ltr'>-e&#39;ss&#39;etsu</span> <span class='ocrx_word' id='word_1_136' title='bbox 907 1903 967 1958; x_wconf 84' lang='lat' dir='ltr'>eo,</span> <span class='ocrx_word' id='word_1_137' title='bbox 986 1883 1045 1962; x_wconf 81' lang='lat' dir='ltr'>nisi</span> <span class='ocrx_word' id='word_1_138' title='bbox 1055 1885 1087 1946; x_wconf 92' lang='lat' dir='ltr'>id</span> <span class='ocrx_word' id='word_1_139' title='bbox 1098 1901 1128 1946; x_wconf 91' lang='lat' dir='ltr'>ut</span> <span class='ocrx_word' id='word_1_140' title='bbox 1138 1903 1186 1965; x_wconf 80' lang='lat' dir='ltr'>pet</span> 
     </span>
     <span class='ocr_line' id='line_1_20' title="bbox 291 1964 1186 2054; baseline 0 -28"><span class='ocrx_word' id='word_1_141' title='bbox 291 1985 377 2054; x_wconf 55' lang='lat' dir='ltr'>xeum</span> <span class='ocrx_word' id='word_1_142' title='bbox 396 1965 581 2038; x_wconf 80' lang='lat' dir='ltr'>viveremus,</span> <span class='ocrx_word' id='word_1_143' title='bbox 606 1981 665 2026; x_wconf 83' lang='lat' dir='ltr'>tam</span> <span class='ocrx_word' id='word_1_144' title='bbox 678 1964 780 2026; x_wconf 74' lang='lat' dir='ltr'>natord</span> <span class='ocrx_word' id='word_1_145' title='bbox 795 1983 929 2045; x_wconf 82' lang='lat' dir='ltr'>putarem</span> <span class='ocrx_word' id='word_1_146' title='bbox 957 1965 1088 2044; x_wconf 79' lang='lat' dir='ltr'>bominis</span> <span class='ocrx_word' id='word_1_147' title='bbox 1100 1967 1186 2026; x_wconf 78' lang='lat' dir='ltr'>vitan</span> 
     </span>
     <span class='ocr_line' id='line_1_21' title="bbox 307 2045 1186 2130; baseline 0 -24"><span class='ocrx_word' id='word_1_148' title='bbox 307 2045 477 2121; x_wconf 84' lang='lat' dir='ltr'>sustentari,</span> <span class='ocrx_word' id='word_1_149' title='bbox 493 2045 674 2130; x_wconf 71' lang='lat' dir='ltr'>qudmvitis,</span> <span class='ocrx_word' id='word_1_150' title='bbox 730 2045 778 2106; x_wconf 76' lang='lat' dir='ltr'>lm</span> <span class='ocrx_word' id='word_1_151' title='bbox 794 2046 921 2107; x_wconf 82' lang='lat' dir='ltr'>arboris:</span> <span class='ocrx_word' id='word_1_152' title='bbox 931 2045 996 2108; x_wconf 80' lang='lat' dir='ltr'>brec</span> <span class='ocrx_word' id='word_1_153' title='bbox 1012 2047 1094 2108; x_wconf 81' lang='lat' dir='ltr'>e&#39;nim</span> <span class='ocrx_word' id='word_1_154' title='bbox 1105 2047 1186 2109; x_wconf 77' lang='lat' dir='ltr'>etiem</span> 
     </span>
     <span class='ocr_line' id='line_1_22' title="bbox 306 2067 1187 2212; baseline 0.005 -25"><span class='ocrx_word' id='word_1_155' title='bbox 306 2127 431 2188; x_wconf 87' lang='lat' dir='ltr'>dicimus</span> <span class='ocrx_word' id='word_1_156' title='bbox 447 2132 559 2192; x_wconf 78' lang='lat' dir='ltr'>vivere.</span> <span class='ocrx_word' id='word_1_157' title='bbox 576 2128 671 2202; x_wconf 88' lang='lat' dir='ltr'>ltent,</span> <span class='ocrx_word' id='word_1_158' title='bbox 689 2067 810 2188; x_wconf 53' lang='lat' dir='ltr'>slnihil</span> <span class='ocrx_word' id='word_1_159' title='bbox 826 2127 950 2212; x_wconf 75' lang='lat' dir='ltr'>liaberet</span> <span class='ocrx_word' id='word_1_160' title='bbox 967 2129 1085 2208; x_wconf 84' lang='lat' dir='ltr'>animus</span> <span class='ocrx_word' id='word_1_161' title='bbox 1101 2127 1187 2190; x_wconf 74' lang='lat' dir='ltr'>bomi-</span> 
     </span>
     <span class='ocr_line' id='line_1_23' title="bbox 307 2205 1186 2293; baseline 0.003 -26"><span class='ocrx_word' id='word_1_162' title='bbox 307 2211 373 2281; x_wconf 87' lang='lat' dir='ltr'>nis,</span> <span class='ocrx_word' id='word_1_163' title='bbox 394 2211 448 2270; x_wconf 90' lang='lat' dir='ltr'>nisi</span> <span class='ocrx_word' id='word_1_164' title='bbox 467 2225 499 2272; x_wconf 91' lang='lat' dir='ltr'>ut</span> <span class='ocrx_word' id='word_1_165' title='bbox 515 2225 667 2291; x_wconf 86' lang='lat' dir='ltr'>appeteret</span> <span class='ocrx_word' id='word_1_166' title='bbox 684 2225 733 2270; x_wconf 90' lang='lat' dir='ltr'>aut</span> <span class='ocrx_word' id='word_1_167' title='bbox 752 2206 913 2293; x_wconf 81' lang='lat' dir='ltr'>resugeret,</span> <span class='ocrx_word' id='word_1_168' title='bbox 935 2209 967 2269; x_wconf 91' lang='lat' dir='ltr'>id</span> <span class='ocrx_word' id='word_1_169' title='bbox 989 2229 1112 2293; x_wconf 79' lang='lat' dir='ltr'>quoque</span> <span class='ocrx_word' id='word_1_170' title='bbox 1125 2205 1186 2272; x_wconf 80' lang='lat' dir='ltr'>edet</span> 
     </span>
     <span class='ocr_line' id='line_1_24' title="bbox 306 2289 1185 2370; baseline 0.003 -23"><span class='ocrx_word' id='word_1_171' title='bbox 306 2309 465 2349; x_wconf 89' lang='lat' dir='ltr'>commune</span> <span class='ocrx_word' id='word_1_172' title='bbox 493 2311 559 2349; x_wconf 89' lang='lat' dir='ltr'>cum</span> <span class='ocrx_word' id='word_1_173' title='bbox 583 2289 692 2352; x_wconf 87' lang='lat' dir='ltr'>bestiis.</span> <span class='ocrx_word' id='word_1_174' title='bbox 717 2289 815 2354; x_wconf 83' lang='lat' dir='ltr'>Habet</span> <span class='ocrx_word' id='word_1_175' title='bbox 847 2291 974 2370; x_wconf 80' lang='lat' dir='ltr'>primlrm</span> <span class='ocrx_word' id='word_1_176' title='bbox 996 2294 1185 2363; x_wconf 85' lang='lat' dir='ltr'>memoriam,</span> 
     </span>
     <span class='ocr_line' id='line_1_25' title="bbox 305 2368 1225 2455; baseline 0.008 -26"><span class='ocrx_word' id='word_1_177' title='bbox 305 2370 338 2429; x_wconf 74' lang='grc' dir='ltr'>ὅ(</span> <span class='ocrx_word' id='word_1_178' title='bbox 351 2388 416 2427; x_wconf 88' lang='lat' dir='ltr'>earn</span> <span class='ocrx_word' id='word_1_179' title='bbox 427 2368 566 2429; x_wconf 85' lang='lat' dir='ltr'>infinitam</span> <span class='ocrx_word' id='word_1_180' title='bbox 577 2390 674 2431; x_wconf 88' lang='lat' dir='ltr'>rerum</span> <span class='ocrx_word' id='word_1_181' title='bbox 691 2371 961 2441; x_wconf 86' lang='lat' dir='ltr'>innumerabilium,</span> <span class='ocrx_word' id='word_1_182' title='bbox 975 2394 1064 2453; x_wconf 85' lang='lat' dir='ltr'>quam</span> <span class='ocrx_word' id='word_1_183' title='bbox 1078 2373 1186 2455; x_wconf 82' lang='lat' dir='ltr'>quidem</span> <span class='ocrx_word' id='word_1_184' title='bbox 1222 2395 1225 2436; x_wconf 77' lang='lat' dir='ltr'>l</span> 
     </span>
     <span class='ocr_line' id='line_1_26' title="bbox 306 2447 1225 2535; baseline 0.007 -27"><span class='ocrx_word' id='word_1_185' title='bbox 306 2448 389 2509; x_wconf 88' lang='lat' dir='ltr'>Plato</span> <span class='ocrx_word' id='word_1_186' title='bbox 407 2451 641 2511; x_wconf 79' lang='lat' dir='ltr'>recordationem</span> <span class='ocrx_word' id='word_1_187' title='bbox 670 2447 726 2512; x_wconf 85' lang='lat' dir='ltr'>elle</span> <span class='ocrx_word' id='word_1_188' title='bbox 744 2455 809 2513; x_wconf 89' lang='lat' dir='ltr'>vult</span> <span class='ocrx_word' id='word_1_189' title='bbox 838 2452 994 2535; x_wconf 88' lang='lat' dir='ltr'>superioris</span> <span class='ocrx_word' id='word_1_190' title='bbox 1013 2458 1186 2530; x_wconf 86' lang='lat' dir='ltr'>vitae;.nam</span> <span class='ocrx_word' id='word_1_191' title='bbox 1214 2459 1225 2486; x_wconf 89' lang='lat'>·&#39;</span> 
     </span>
     <span class='ocr_line' id='line_1_27' title="bbox 305 2531 1225 2618; baseline 0.008 -28"><span class='ocrx_word' id='word_1_192' title='bbox 305 2532 337 2591; x_wconf 89' lang='lat' dir='ltr'>in</span> <span class='ocrx_word' id='word_1_193' title='bbox 348 2532 401 2591; x_wconf 93' lang='lat' dir='ltr'>illo</span> <span class='ocrx_word' id='word_1_194' title='bbox 413 2531 504 2606; x_wconf 91' lang='lat' dir='ltr'>libro,</span> <span class='ocrx_word' id='word_1_195' title='bbox 523 2534 572 2614; x_wconf 92' lang='lat' dir='ltr'>qui</span> <span class='ocrx_word' id='word_1_196' title='bbox 581 2532 742 2602; x_wconf 82' lang='lat' dir='ltr'>inscribitur</span> <span class='ocrx_word' id='word_1_197' title='bbox 754 2538 877 2606; x_wconf 83' lang='lat' dir='ltr'>Menon,</span> <span class='ocrx_word' id='word_1_198' title='bbox 892 2556 909 2593; x_wconf 89' lang='lat'>2</span> <span class='ocrx_word' id='word_1_199' title='bbox 922 2536 1081 2615; x_wconf 83' lang='lat' dir='ltr'>pusionem</span> <span class='ocrx_word' id='word_1_200' title='bbox 1093 2554 1188 2618; x_wconf 84' lang='lat' dir='ltr'>quem·</span> <span class='ocrx_word' id='word_1_201' title='bbox 1222 2539 1225 2564; x_wconf 79' lang='lat'>³</span> 
     </span>
     <span class='ocr_line' id='line_1_28' title="bbox 307 2611 1187 2698; baseline 0.005 -24"><span class='ocrx_word' id='word_1_202' title='bbox 307 2614 374 2674; x_wconf 84' lang='lat' dir='ltr'>dam</span> <span class='ocrx_word' id='word_1_203' title='bbox 387 2611 522 2675; x_wconf 80' lang='lat' dir='ltr'>Socrates</span> <span class='ocrx_word' id='word_1_204' title='bbox 544 2616 702 2695; x_wconf 81' lang='lat' dir='ltr'>interrogat</span> <span class='ocrx_word' id='word_1_205' title='bbox 727 2616 859 2697; x_wconf 79' lang='lat' dir='ltr'>quaedam</span> <span class='ocrx_word' id='word_1_206' title='bbox 878 2620 1060 2698; x_wconf 84' lang='lat' dir='ltr'>geometrica</span> <span class='ocrx_word' id='word_1_207' title='bbox 1085 2619 1124 2678; x_wconf 90' lang='lat' dir='ltr'>de</span> <span class='ocrx_word' id='word_1_208' title='bbox 1147 2617 1187 2678; x_wconf 82' lang='lat' dir='ltr'>di·</span> 
     </span>
     <span class='ocr_line' id='line_1_29' title="bbox 306 2695 1188 2781; baseline 0.001 -25"><span class='ocrx_word' id='word_1_209' title='bbox 306 2697 459 2756; x_wconf 88' lang='lat' dir='ltr'>mensione</span> <span class='ocrx_word' id='word_1_210' title='bbox 470 2696 599 2777; x_wconf 86' lang='lat' dir='ltr'>quadrati</span> <span class='ocrx_word' id='word_1_211' title='bbox 612 2719 619 2756; x_wconf 75' lang='grc' dir='ltr'><strong>ε</strong></span> <span class='ocrx_word' id='word_1_212' title='bbox 637 2696 674 2755; x_wconf 88' lang='lat' dir='ltr'>ad</span> <span class='ocrx_word' id='word_1_213' title='bbox 693 2716 727 2755; x_wconf 85' lang='lat' dir='ltr'>ea</span> <span class='ocrx_word' id='word_1_214' title='bbox 739 2698 780 2757; x_wconf 87' lang='lat' dir='ltr'>sic</span> <span class='ocrx_word' id='word_1_215' title='bbox 793 2697 842 2757; x_wconf 90' lang='lat' dir='ltr'>ille</span> <span class='ocrx_word' id='word_1_216' title='bbox 860 2695 1033 2774; x_wconf 83' lang='lat' dir='ltr'>respondet,</span> <span class='ocrx_word' id='word_1_217' title='bbox 1057 2717 1089 2759; x_wconf 91' lang='lat' dir='ltr'>ut</span> <span class='ocrx_word' id='word_1_218' title='bbox 1102 2717 1188 2781; x_wconf 79' lang='lat' dir='ltr'>puer3</span> 
     </span>
     <span class='ocr_line' id='line_1_30' title="bbox 305 2776 1190 2860; baseline 0.001 -21"><span class='ocrx_word' id='word_1_219' title='bbox 305 2777 453 2839; x_wconf 82' lang='lat' dir='ltr'>&amp;tamen</span> <span class='ocrx_word' id='word_1_220' title='bbox 471 2782 512 2838; x_wconf 79' lang='lat' dir='ltr'>ita</span> <span class='ocrx_word' id='word_1_221' title='bbox 526 2776 624 2837; x_wconf 85' lang='lat' dir='ltr'>faciles</span> <span class='ocrx_word' id='word_1_222' title='bbox 640 2780 880 2858; x_wconf 84' lang='lat' dir='ltr'>interrogationes</span> <span class='ocrx_word' id='word_1_223' title='bbox 898 2776 980 2851; x_wconf 89' lang='lat' dir='ltr'>sunt,</span> <span class='ocrx_word' id='word_1_224' title='bbox 1003 2798 1035 2840; x_wconf 88' lang='lat' dir='ltr'>ut</span> <span class='ocrx_word' id='word_1_225' title='bbox 1054 2783 1190 2860; x_wconf 82' lang='lat' dir='ltr'>gradatim</span> 
     </span>
     <span class='ocr_line' id='line_1_31' title="bbox 304 2858 1191 2941; baseline 0.003 -24"><span class='ocrx_word' id='word_1_226' title='bbox 304 2859 484 2936; x_wconf 85' lang='lat' dir='ltr'>respondens</span> <span class='ocrx_word' id='word_1_227' title='bbox 502 2859 609 2919; x_wconf 87' lang='lat' dir='ltr'>eodem</span> <span class='ocrx_word' id='word_1_228' title='bbox 624 2861 795 2938; x_wconf 81' lang='lat' dir='ltr'>perveniat,</span> <span class='ocrx_word' id='word_1_229' title='bbox 820 2862 879 2939; x_wconf 84' lang='lat' dir='ltr'>qub</span> <span class='ocrx_word' id='word_1_230' title='bbox 890 2858 911 2917; x_wconf 89' lang='lat' dir='ltr'>si</span> <span class='ocrx_word' id='word_1_231' title='bbox 925 2863 1106 2941; x_wconf 83' lang='lat' dir='ltr'>geometrica</span> <span class='ocrx_word' id='word_1_232' title='bbox 1120 2863 1191 2922; x_wconf 89' lang='lat' dir='ltr'>didi·</span> 
     </span>
     <span class='ocr_line' id='line_1_32' title="bbox 306 2938 1190 3019; baseline 0.003 -20"><span class='ocrx_word' id='word_1_233' title='bbox 306 2938 396 3000; x_wconf 88' lang='lat' dir='ltr'>cilset.</span> <span class='ocrx_word' id='word_1_234' title='bbox 416 2939 459 2999; x_wconf 84' lang='lat' dir='ltr'>Ex</span> <span class='ocrx_word' id='word_1_235' title='bbox 469 2961 529 3019; x_wconf 92' lang='lat' dir='ltr'>quo</span> <span class='ocrx_word' id='word_1_236' title='bbox 541 2938 617 3000; x_wconf 89' lang='lat' dir='ltr'>effici</span> <span class='ocrx_word' id='word_1_237' title='bbox 631 2940 694 2998; x_wconf 88' lang='lat' dir='ltr'>vult</span> <span class='ocrx_word' id='word_1_238' title='bbox 707 2939 857 3014; x_wconf 84' lang='lat' dir='ltr'>Socrates,</span> <span class='ocrx_word' id='word_1_239' title='bbox 871 2959 901 3000; x_wconf 92' lang='lat' dir='ltr'>ut</span> <span class='ocrx_word' id='word_1_240' title='bbox 912 2940 1020 3002; x_wconf 90' lang='lat' dir='ltr'>discere</span> <span class='ocrx_word' id='word_1_241' title='bbox 1031 2943 1103 3002; x_wconf 91' lang='lat' dir='ltr'>nihil</span> <span class='ocrx_word' id='word_1_242' title='bbox 1116 2941 1190 3002; x_wconf 89' lang='lat' dir='ltr'>aliud</span> 
     </span>
     <span class='ocr_line' id='line_1_33' title="bbox 307 3019 1192 3100; baseline 0.006 -21"><span class='ocrx_word' id='word_1_243' title='bbox 307 3022 362 3091; x_wconf 89' lang='lat' dir='ltr'>sit,</span> <span class='ocrx_word' id='word_1_244' title='bbox 384 3042 398 3100; x_wconf 80' lang='lat'><em>3</em></span> <span class='ocrx_word' id='word_1_245' title='bbox 428 3022 483 3081; x_wconf 89' lang='lat' dir='ltr'>nisi</span> <span class='ocrx_word' id='word_1_246' title='bbox 504 3021 658 3081; x_wconf 86' lang='lat' dir='ltr'>recordari.</span> <span class='ocrx_word' id='word_1_247' title='bbox 677 3019 779 3100; x_wconf 86' lang='lat' dir='ltr'>Quem</span> <span class='ocrx_word' id='word_1_248' title='bbox 806 3022 902 3083; x_wconf 89' lang='lat' dir='ltr'>locutn</span> <span class='ocrx_word' id='word_1_249' title='bbox 922 3023 1015 3084; x_wconf 85' lang='lat' dir='ltr'>multb</span> <span class='ocrx_word' id='word_1_250' title='bbox 1034 3025 1122 3084; x_wconf 87' lang='lat' dir='ltr'>etiam</span> <span class='ocrx_word' id='word_1_251' title='bbox 1146 3045 1192 3084; x_wconf 89' lang='lat' dir='ltr'>ac·</span> 
     </span>
     <span class='ocr_line' id='line_1_34' title="bbox 305 3103 1193 3187; baseline 0.007 -26"><span class='ocrx_word' id='word_1_252' title='bbox 305 3103 431 3161; x_wconf 82' lang='lat' dir='ltr'>curatiits</span> <span class='ocrx_word' id='word_1_253' title='bbox 455 3104 578 3183; x_wconf 84' lang='lat' dir='ltr'>explicat</span> <span class='ocrx_word' id='word_1_254' title='bbox 595 3104 622 3161; x_wconf 93' lang='lat' dir='ltr'>in</span> <span class='ocrx_word' id='word_1_255' title='bbox 640 3122 677 3165; x_wconf 89' lang='lat' dir='ltr'>eo</span> <span class='ocrx_word' id='word_1_256' title='bbox 688 3103 842 3176; x_wconf 87' lang='lat' dir='ltr'>sermone,</span> <span class='ocrx_word' id='word_1_257' title='bbox 863 3106 951 3185; x_wconf 80' lang='lat' dir='ltr'>quem</span> <span class='ocrx_word' id='word_1_258' title='bbox 964 3106 1064 3167; x_wconf 87' lang='lat' dir='ltr'>habuit</span> <span class='ocrx_word' id='word_1_259' title='bbox 1082 3128 1119 3167; x_wconf 92' lang='lat' dir='ltr'>eo</span> <span class='ocrx_word' id='word_1_260' title='bbox 1132 3103 1193 3187; x_wconf 89' lang='lat' dir='ltr'>ipso</span> 
     </span>
    </p>
   </div>
   <div class='ocr_carea' id='block_1_4' title="bbox 303 3244 1193 3579">
    <p class='ocr_par' dir='ltr' id='par_1_4' title="bbox 303 3244 1193 3502">
     <span class='ocr_line' id='line_1_35' title="bbox 338 3244 937 3315; baseline 0.01 -18"><span class='ocrx_word' id='word_1_261' title='bbox 338 3263 349 3297; x_wconf 88' lang='lat'>1</span> <span class='ocrx_word' id='word_1_262' title='bbox 364 3244 418 3309; x_wconf 76' lang='lat' dir='ltr'>Nifi</span> <span class='ocrx_word' id='word_1_263' title='bbox 426 3249 496 3312; x_wconf 76' lang='lat' dir='ltr'>qnid,</span> <span class='ocrx_word' id='word_1_264' title='bbox 513 3248 564 3299; x_wconf 76' lang='lat' dir='ltr'>dcc.</span> <span class='ocrx_word' id='word_1_265' title='bbox 575 3248 588 3299; x_wconf 79' lang='lat' dir='ltr'>d</span> <span class='ocrx_word' id='word_1_266' title='bbox 600 3248 674 3300; x_wconf 80' lang='lat' dir='ltr'>moins</span> <span class='ocrx_word' id='word_1_267' title='bbox 685 3262 731 3315; x_wconf 85' lang='lat' dir='ltr'>que</span> <span class='ocrx_word' id='word_1_268' title='bbox 762 3250 831 3312; x_wconf 81' lang='lat' dir='ltr'>jcune</span> <span class='ocrx_word' id='word_1_269' title='bbox 850 3250 937 3303; x_wconf 86' lang='lat' dir='ltr'>enlant.</span> 
     </span>
     <span class='ocr_line' id='line_1_36' title="bbox 303 3313 1193 3379; baseline 0.003 -16"><span class='ocrx_word' id='word_1_270' title='bbox 303 3327 366 3364; x_wconf 84' lang='lat' dir='ltr'>vous</span> <span class='ocrx_word' id='word_1_271' title='bbox 386 3314 466 3375; x_wconf 82' lang='lat' dir='ltr'>u&#39;ayez</span> <span class='ocrx_word' id='word_1_272' title='bbox 490 3314 588 3378; x_wconf 87' lang='lat' dir='ltr'>quelque</span> <span class='ocrx_word' id='word_1_273' title='bbox 613 3314 731 3376; x_wconf 77' lang='lat' dir='ltr'>obiellion</span> <span class='ocrx_word' id='word_1_274' title='bbox 796 3328 809 3378; x_wconf 84' lang='lat'><em>3</em></span> <span class='ocrx_word' id='word_1_275' title='bbox 829 3315 883 3379; x_wconf 81' lang='lat' dir='ltr'>Nifi</span> <span class='ocrx_word' id='word_1_276' title='bbox 900 3318 1028 3368; x_wconf 76' lang='lat' dir='ltr'>recordari.</span> <span class='ocrx_word' id='word_1_277' title='bbox 1044 3316 1070 3367; x_wconf 94' lang='lat' dir='ltr'>ln</span> <span class='ocrx_word' id='word_1_278' title='bbox 1093 3313 1193 3367; x_wconf 82' lang='lat' dir='ltr'>reninis·</span> 
     </span>
     <span class='ocr_line' id='line_1_37' title="bbox 306 3378 1193 3447; baseline 0.003 -17"><span class='ocrx_word' id='word_1_279' title='bbox 306 3378 385 3430; x_wconf 75' lang='lat' dir='ltr'>istite</span> <span class='ocrx_word' id='word_1_280' title='bbox 397 3382 478 3430; x_wconf 77' lang='lat' dir='ltr'>contre</span> <span class='ocrx_word' id='word_1_281' title='bbox 490 3393 518 3430; x_wconf 89' lang='lat' dir='ltr'>ce</span> <span class='ocrx_word' id='word_1_282' title='bbox 533 3394 578 3445; x_wconf 88' lang='lat' dir='ltr'>que</span> <span class='ocrx_word' id='word_1_283' title='bbox 588 3378 610 3443; x_wconf 76' lang='lat' dir='ltr'>ie</span> <span class='ocrx_word' id='word_1_284' title='bbox 622 3382 688 3432; x_wconf 88' lang='lat' dir='ltr'>viens</span> <span class='ocrx_word' id='word_1_285' title='bbox 701 3380 731 3432; x_wconf 89' lang='lat' dir='ltr'>de</span> <span class='ocrx_word' id='word_1_286' title='bbox 764 3380 839 3431; x_wconf 78' lang='lat' dir='ltr'>cenia</span> <span class='ocrx_word' id='word_1_287' title='bbox 871 3381 967 3447; x_wconf 75' lang='lat' dir='ltr'>positam</span> <span class='ocrx_word' id='word_1_288' title='bbox 997 3380 1066 3437; x_wconf 80' lang='lat' dir='ltr'>Plato</span> <span class='ocrx_word' id='word_1_289' title='bbox 1097 3381 1193 3436; x_wconf 77' lang='lat' dir='ltr'>volebat</span> 
     </span>
     <span class='ocr_line' id='line_1_38' title="bbox 306 3445 891 3502; baseline 0.012 -7"><span class='ocrx_word' id='word_1_290' title='bbox 306 3445 366 3496; x_wconf 81' lang='lat' dir='ltr'>dire.</span> <span class='ocrx_word' id='word_1_291' title='bbox 763 3446 891 3502; x_wconf 85' lang='lat' dir='ltr'>scientiam.</span> 
     </span>
    </p>

    <p class='ocr_par' dir='ltr' id='par_1_5' title="bbox 338 3509 732 3579">
     <span class='ocr_line' id='line_1_39' title="bbox 338 3509 732 3579; baseline 0.01 -19"><span class='ocrx_word' id='word_1_292' title='bbox 338 3524 355 3560; x_wconf 85' lang='lat'>2</span> <span class='ocrx_word' id='word_1_293' title='bbox 385 3509 507 3573; x_wconf 82' lang='lat' dir='ltr'>Pufionrnr</span> <span class='ocrx_word' id='word_1_294' title='bbox 532 3512 669 3579; x_wconf 75' lang='lat' dir='ltr'>quemdam,</span> <span class='ocrx_word' id='word_1_295' title='bbox 700 3524 732 3564; x_wconf 80' lang='lat' dir='ltr'>uu</span> 
     </span>
    </p>
   </div>
   <div class='ocr_carea' id='block_1_5' title="bbox 0 0 1414 4267">
    <p class='ocr_par' dir='ltr' id='par_1_6' title="bbox 0 0 1414 4267">
     <span class='ocr_line' id='line_1_40' title="bbox 0 0 1414 4267; baseline 0 0"><span class='ocrx_word' id='word_1_296' title='bbox 0 0 1414 4267; x_wconf 95' lang='lat' dir='ltr'> </span> 
     </span>
    </p>
   </div>
  </div>
 </body>
</html>
