2817 4267
569 386 748 451 Linea
789 388 813 451 1.
1089 405 1125 453 or

237 487 315 532 etne
329 468 527 533 Clazomenas
537 471 567 532 in
577 475 715 552 partiam,
726 471 747 530 fi
758 467 828 554 quid
837 466 998 541 accidiffer,
1012 408 1132 535 aufeir'rr

237 556 326 613 uiuit
336 550 439 630 neceffir
450 556 484 633 esi
492 596 502 624 ,
522 554 631 634 inquit,
649 575 669 628 4
680 556 800 633 undique
813 555 884 612 enim
901 555 940 610 ad
956 553 1057 632 inseras
1069 572 1134 635 tans

237 640 361 694 eumdem
388 638 440 695 via
461 636 505 715 esi.
527 632 664 716 Totaque
675 637 712 696 de
727 636 838 695 ratione
850 634 1023 694 humationis
1040 654 1130 694 unum

237 717 405 776 tenendum
423 714 482 791 est,
500 716 538 777 ad
555 737 661 797 corpus
678 716 947 797 illam‘pertinere‚
965 712 1025 776 five
1051 718 1135 777 ucci-

237 796 320 862 derit
341 799 478 870 animus,
504 796 565 858 srve
579 800 686 878 vigeat.
704 796 739 857 ln
756 817 881 877 corpore
901 810 998 856 autem
1019 796 1134 878 perspi·

239 897 332 938 cuum
351 877 414 950 est,
440 878 491 942 vel
510 877 636 940 extineio
662 880 780 951 animo,
800 879 851 942 uel
876 873 995 957 elapso,
1021 879 1133 939 nullum

241 957 372 1020 residere
390 957 511 1019 sensum.
736 1031 739 1036 Ι

286 1038 396 1101 XLIV.
410 1040 468 1100 Sed
481 1039 566 1122 plenu
578 1061 710 1103 errorum
723 1040 786 1101 sunt
806 1039 915 1103 omnia.
928 1035 1031 1101 Trahit
1048 1039 1132 1104 Hec-

251 1135 343 1182 torem
362 1121 398 1182 ad
418 1143 535 1182 currum
557 1124 709 1205 religatum
733 1123 884 1184 Achilles:
909 1123 1027 1184 lacerari
1046 1143 1134 1197 eum,
1182 1181 1186 1188 ,

255 1200 397 1264 &sentire
409 1198 518 1284 creda,
535 1215 626 1283 putat.
644 1202 723 1285 Ergo
735 1205 782 1263 hic
792 1203 955 1277 ulciscitur,
973 1221 1003 1262 ut
1016 1204 1134 1283 quidem

255 1277 299 1343 srbi
309 1285 435 1345 videtur.
451 1285 491 1345 At
507 1305 520 1345 ι
533 1284 582 1344 illa
593 1284 664 1345 sicut
678 1284 887 1346 acerbissimam
902 1306 966 1347 rem
977 1301 1101 1345 moeret:

328 1389 417 1462 Vidi,
432 1389 520 1448 uidere
537 1391 612 1468 quod
629 1411 669 1448 me
684 1387 764 1470 paffia
783 1390 930 1471 auguriari,
970 1433 975 1445 .

325 1473 469 1531 Hebiorem
488 1468 650 1551 quadrijugo
671 1493 749 1531 curru
774 1488 786 1528 1
808 1473 945 1551 raptarier.

258 1568 348 1651 Quem
378 1571 563 1635 Heuoreme
595 1590 643 1633 aut
670 1574 808 1655 quamdiu
839 1575 889 1636 ille
919 1577 973 1636 erit
1000 1566 1136 1638 Heiiori

257 1644 355 1717 Melius
382 1656 510 1729 Accius,
530 1656 563 1717 &
584 1656 740 1737 aliquando
770 1652 881 1739 sapiens
902 1657 1050 1720 Achilles:

252 1756 330 1821 Immo
343 1761 476 1822 enimueni
494 1782 589 1842 corpus
609 1762 721 1819 Priamo
736 1762 855 1833 reddidi,
878 1765 1016 1823 Heilorem
1028 1764 1134 1845 abstuli.

251 1856 316 1926 Non
332 1868 418 1948 igitur
439 1864 565 1926 Hebioni
585 1862 711 1937 traxissi3
736 1864 785 1925 sed
808 1884 915 1946 corpus
937 1868 1019 1948 quod
1041 1866 1134 1928 fuerat

246 1938 391 2009 Heiioris.
423 1947 502 2007 Ecce
529 1947 600 2007 alius
623 1949 750 2008 exoritur
774 1946 791 2016 ὲ
813 1964 908 2023 terra,
936 1954 986 2029 qui
1010 1965 1134 2010 matrem

246 2023 375 2090 dormire
392 2050 452 2090 non
468 2027 549 2089 sinat.
1004 2034 1008 2037 ’

286 2136 398 2207 Mater,
411 2135 576 2214 mappella,
593 2155 650 2214 qua
666 2154 756 2193 curam
762 2132 861 2212 samaa
867 2132 1026 2216 suspensam
1039 2134 1134 2216 leuas}

284 2219 384 2298 Neque
401 2234 426 2275 re
444 2216 498 2275 mei
507 2215 608 2295 miseret
626 2238 632 2275 :
650 2216 745 2296 surge,
769 2219 808 2308 ὦ,
809 2215 897 2296 sepeli
915 2233 1020 2277 aarum.
1091 2249 1095 2254 ·

242 2315 316 2382 Haec
329 2323 427 2381 cuma
444 2315 542 2400 preffis
562 2319 592 2380 &
609 2318 755 2379 flebilibus
767 2315 883 2395 modis,
900 2320 948 2416 qui
969 2320 1036 2383 totis
1050 2319 1134 2383 rhea-¹

242 2405 295 2463 tris
307 2400 472 2463 maestitiam
488 2399 626 2472 inferant,
642 2399 853 2460 concinnunrur
861 2423 872 2473 3
885 2400 1002 2465 difficile
1019 2402 1061 2466 est
1072 2422 1134 2466 non

245 2505 314 2556 eos,
335 2486 384 2565 qui
405 2483 546 2543 inhumati
565 2480 645 2552 sunt,
669 2480 787 2541 miseros
805 2480 944 2561 judicare.

326 2591 488 2669 Priusquam
504 2586 586 2667 sera,
608 2583 780 2666 uolucresque
791 2628 800 2646 .
812 2628 821 2646 .
831 2628 861 2647 ..

244 2694 371 2761 Metuit,
391 2712 428 2752 ne
449 2692 579 2750 laceraris
599 2689 737 2750 membris
752 2689 847 2753 minias
862 2689 939 2752 bene
957 2705 1072 2770 nutura
1093 2711 1133 2756 ne

245 2773 423 2848 combustis,
442 2793 503 2833 non
522 2770 693 2832 extimescit.
775 2820 784 2834 ,

284 2883 353 2941 Heu
370 2877 512 2956 relliquias
520 2874 640 2953 semiaffi
657 2873 725 2956 regis
730 2919 741 2946 ,
763 2876 908 2938 denudaris
925 2875 1039 2957 affibus,
1096 2937 1098 2944 ,

284 2964 340 3022 Per
353 2978 448 3019 terram
464 2959 544 3033 sanie
563 2957 698 3015 delibutas
703 2954 779 3037 sudi
796 2961 959 3040 diuexarier.
1101 2963 1105 2970 “

244 3062 315 3125 Non
334 3062 467 3143 intelligo
487 3059 557 3142 quid
574 3075 698 3136 metuat,
724 3063 822 3143 3cum
841 3079 900 3124 tarn
918 3063 1014 3126 bonos
1036 3063 1136 3146 septe-⁴

244 3148 343 3217 narius
359 3142 460 3205 fundat
482 3142 520 3203 ad
539 3140 649 3203 tibiam.
676 3139 853 3204 Tenendum
871 3142 914 3206 est
932 3146 1037 3228 igitur,
1060 3147 1133 3218 nihil

243 3269 248 3276 ·
277 3262 294 3310 4
309 3247 505 3314 (lindimacum,
522 3244 573 3295 &r'.
585 3242 632 3295 Car
642 3243 673 3295 de
723 3246 777 3298 1Ra
794 3250 978 3308 aurienAmieuu
1003 3250 1137 3315 rorapraria

240 3324 298 3364 tous
314 3313 349 3364 les
366 3312 470 3364 endroits
487 3321 518 3362 on
537 3305 572 3361 eli
591 3307 672 3377 igue·
737 3326 754 3363 2
769 3265 864 3377 βψ.
880 3313 906 3364 ld
920 3313 969 3374 est,
987 3265 1064 3365 ienis.

242 3388 309 3429 ment
323 3380 412 3439 pruche
425 3375 468 3428 des
484 3373 570 3427 eniens.
738 3387 751 3439 3
769 3375 827 3425 cum
840 3391 887 3426 ram
898 3378 987 3437 bonos,
1006 3380 1056 3429 &u
1066 3375 1136 3428 Purra

278 3457 291 3492 1
309 3441 368 3499 Illa.
377 3442 470 3510 Nempe
480 3452 567 3503 mater,
583 3437 672 3505 mnu,
703 3438 759 3559 flu’il
776 3438 848 3492 necue
863 3441 894 3494 de
911 3442 927 3495 ir
943 3442 1020 3498 benun
1036 3455 1090 3499 vers
1100 3455 1133 3516 eu

241 3516 364 3565 auruum.
714 3520 746 3560 en
764 3503 912 3561 delafluru-
966 3566 968 3570 ,
1047 3541 1051 3550 -
