2817 4267
297 440 359 506 270
526 422 943 490 ferentarium

296 547 430 672 ma
436 529 861 694 &affimat
867 527 1192 696 &3431

295 690 418 775 hyon
435 693 620 768 didicilient,
646 715 760 756 tantm
778 697 835 755 tihi
855 695 1071 776 pertulerant,
1094 716 1188 777 quau-

295 791 361 835 tum
376 777 479 836 narrari
497 778 675 839 admonente
687 797 908 859 cognoverant:
921 781 1052 839 rationes
1066 778 1105 838 δι
1121 794 1189 836 tarr·

296 853 338 915 sat
350 876 447 917 rernm
461 878 523 918 non
538 861 699 932 tenebant;
716 858 783 917 vifis
802 860 973 941 quibusdam
986 858 1070 937 lzpe
1086 877 1189 919 more·

294 935 419 1012 bantur,
441 939 543 1020 bisque
568 943 692 1001 maxime
714 941 878 1013 modernis,
898 963 931 1001 ut
951 942 1130 1000 viderentur
1147 941 1188 1013 fi,

296 1021 345 1100 qui
367 1021 429 1079 viti
447 1021 640 1093 excelleraor,
663 1026 776 1081 virere.
802 1022 846 1082 Ur
874 1024 968 1105 porrb
992 1020 1187 1082 fitmiffimum

296 1101 355 1160 boc
373 1100 467 1162 affari
491 1104 608 1163 ridetur
637 1126 688 1164 cur
712 1103 797 1164 Deos
818 1100 877 1163 elle
903 1104 1075 1174 credamus,
1107 1101 1187 1182 qood

297 1183 376 1243 nulla
394 1203 465 1265 gens
484 1203 543 1245 tarn
564 1185 643 1256 fera,
662 1207 753 1245 nemo
779 1189 912 1246 omniurn
934 1207 995 1245 tarn
1020 1188 1059 1245 sit
1083 1186 1187 1245 imma·

297 1267 361 1337 nit,
393 1266 474 1344 caios
498 1287 629 1327 mentem
657 1289 719 1327 non
740 1267 877 1326 imbuerit
887 1266 1035 1327 Deorum
1057 1269 1186 1349 opinio:

297 1347 381 1408 multi
404 1349 441 1408 de
469 1345 536 1408 Diis
560 1371 649 1431 prava
662 1349 808 1422 senticum
829 1349 861 1407 id
882 1354 960 1409 enim
977 1349 1090 1409 vitioso
1108 1367 1189 1409 more

298 1425 375 1489 ellici
394 1429 487 1491 folet:
507 1452 611 1492 omnes
632 1451 729 1492 tamen
747 1429 805 1490 elle
822 1434 883 1490 vim
900 1432 933 1490 δὲ
952 1451 1086 1491 naturam
1109 1433 1187 1491 divi-

296 1531 366 1571 nam
384 1513 564 1575 arbitrantur.
591 1513 656 1574 Nec
682 1515 756 1574 verb
776 1513 807 1571 id
827 1514 989 1573 collocutio
1010 1515 1188 1584 bominum,

293 1613 347 1652 aut
362 1612 373 1650 1
389 1594 543 1654 consensus
564 1594 668 1655 efficit:
689 1617 750 1655 non
768 1592 903 1655 institutis
912 1597 1017 1676 opinio
1030 1594 1075 1655 ell
1089 1592 1190 1655 coufir-

296 1693 395 1747 mata,
411 1697 470 1735 non
489 1676 610 1758 legibus.
628 1677 723 1737 Omni
736 1696 835 1736 autem
851 1679 881 1735 in
900 1698 931 1736 re
947 1675 1104 1737 conlenfio
1123 1697 1189 1737 om·

296 1757 378 1815 nium
408 1759 562 1839 gentium,
590 1758 636 1819 lex
664 1777 774 1819 naturae
804 1758 932 1839 potanda
962 1758 1015 1819 ell.
1043 1758 1127 1837 Quis
1150 1756 1188 1818 est

296 1838 408 1921 igitur,
428 1841 476 1923 quj
493 1839 609 1901 suorum
627 1860 755 1901 mortem
783 1843 910 1921 primum
930 1860 990 1899 non
1011 1859 1049 1899 eo
1070 1842 1102 1899 lu
1123 1857 1187 1911 eat,

298 1922 381 2002 quod
407 1942 458 1983 eos
476 1923 597 1983 orbatos
617 1924 688 1983 virae
709 1921 874 1981 commodis
895 1920 1074 1981 arbitretur?
1131 1922 1189 1982 olle

296 2003 372 2065 hanc
384 2007 574 2085 opinionem3
590 2004 698 2064 ludum
717 2001 870 2063 sustuleris.
882 2002 982 2063 Nemo
991 2005 1072 2063 enim
1084 2017 1189 2064 moeret

298 2083 351 2147 suo
368 2087 569 2148 incommodo.
581 2082 840 2155 Dolentfottaile‚
859 2085 1063 2167 &angunturt
1082 2084 1131 2146 sed
1144 2086 1190 2144 illa

297 2169 428 2249 lugubris
446 2170 615 2228 lamentatio
629 2167 771 2247 fletusque
783 2185 912 2226 moerens
925 2188 962 2229 ex
977 2187 1015 2225 eo
1031 2164 1093 2238 est,
1110 2164 1192 2246 qubrl

299 2270 389 2322 eum,
403 2272 489 2331 quem
504 2251 677 2323 dileximus,
696 2252 765 2307 virae
775 2247 941 2307 commodis
956 2249 1106 2327 privatum
1119 2248 1192 2307 arbi·

298 2350 425 2400 tramur,
445 2332 534 2408 idque
553 2332 668 2389 sentire.
689 2331 790 2409 Atque
808 2329 869 2387 baec
882 2328 923 2387 ita
936 2329 1075 2389 sentimus
1089 2328 1190 2389 natura

298 2411 396 2483 duce,
423 2412 501 2471 nulla
521 2415 651 2488 ratione,
669 2413 807 2490 nullique
826 2407 966 2472 dodrinb.

340 2490 423 2554 XlV.
456 2494 618 2554 Maximum
642 2495 716 2553 verb
749 2510 950 2574 argumentum
981 2488 1024 2550 est
1057 2509 1189 2550 naturam

299 2575 392 2659 ipsam
413 2576 449 2637 de
472 2578 687 2637 immortalitate
714 2577 878 2633 animorum
903 2569 1020 2633 tacitam
1040 2570 1190 2650 judicare3

299 2659 379 2741 quod
399 2658 534 2718 omnibus
552 2680 628 2717 curae
649 2658 733 2729 sunt,
759 2658 790 2717 ὅ(
810 2654 941 2715 maximae
962 2655 1106 2735 quidem,
1125 2675 1188 2736 quae

299 2740 365 2822 poll
381 2762 506 2801 mortem
519 2741 613 2800 lutura
626 2743 692 2800 tint.
712 2739 783 2799 Strit
796 2739 917 2814 arborea,
934 2758 994 2817 quer
1007 2738 1089 2795 alteri
1095 2735 1189 2814 seculo

295 2824 412 2904 profittt,
429 2842 460 2883 ut
480 2824 517 2881 air
534 2823 639 2883 Statius
664 2826 693 2881 in
706 2819 890 2901 Synephebis
910 2842 917 2878 :
945 2818 1015 2899 quid
1039 2815 1167 2898 speflans
1178 2861 1189 2888 ,

298 2903 351 2964 nist
371 2908 455 2964 etiam
474 2903 588 2982 postera
608 2902 704 2962 secula
721 2903 756 2961 ad
776 2900 991 2982 sepertinere?
1013 2897 1092 2981 Ergo
1107 2899 1189 2964 arbo-

299 3006 346 3044 rea
368 2985 441 3046 leret
461 2986 583 3066 diligens
599 2984 739 3066 agricola,
766 3003 886 3065 quarum
901 2982 1018 3063 aspiciet
1037 3000 1052 3039 2
1069 2982 1188 3041 baccam

299 3063 359 3148 ipio
382 3069 562 3148 numquam?
593 3070 638 3127 vir
664 3086 785 3147 magnus
807 3065 909 3147 leges,
937 3062 1089 3135 instituta,
1114 3081 1189 3121 rem·

299 3149 447 3233 publicam
464 3170 523 3212 non
543 3148 637 3210 seret?
650 3147 735 3226 Quid
748 3148 915 3229 procreatio
928 3145 1109 3218 liberorum,
1121 3140 1189 3225 quid

300 3233 472 3313 propagatio
492 3232 637 3301 nomlnis‚
656 3230 726 3309 quid
742 3250 755 3308 3
772 3228 946 3307 adoptiones
959 3223 1107 3294 filiorum,
1121 3221 1190 3306 quid

300 3312 538 3375 testamentorum
553 3313 721 3396 diligentia,
740 3310 810 3392 quid
831 3307 891 3391 ipsa
906 3307 1108 3388 sepulcrorum
1127 3326 1189 3367 mo·

336 3473 347 3509 1
361 3458 499 3527 Constnfirs,
511 3458 673 3512 Cont'enllon.
797 3469 810 3520 3
825 3453 979 3520 Adoptiones.
995 3452 1133 3517 Adoptlone
1143 3462 1192 3501 ute·

333 3539 350 3574 a
368 3525 480 3585 Baream.
494 3524 646 3581 uliuuuottu
662 3523 729 3577 lrut·
762 3519 844 3573 bantur
857 3520 895 3584 qui
913 3518 1001 3569 liberos
1022 3534 1065 3571 nec
1077 3518 1194 3572 habebant

303 3599 361 3645 tum.
763 3587 808 3639 oe'c
828 3585 914 3639 tabere
932 3594 1052 3652 poteraut.
