2817 4267
382 320 445 392 ιςο
624 303 692 369 De
731 301 1064 381 Oeerctrs,·'

429 409 498 474 118.
521 407 620 493 Atque
644 431 665 487 4
684 411 716 470 in
733 411 778 473 his
796 426 895 472 tamen
908 407 1170 554 tribue'getlew

427 513 447 555 o
461 492 552 553 modo
567 490 702 575 possunt,
721 511 783 554 non
801 491 935 554 incallide
949 487 1115 573 tergiverser
1164 511 1170 550 t

385 513 521 636 Σιώπα·
535 574 744 647 introducunt,
775 563 923 636 scie'ntiatn
950 572 1170 653 suppeditantes

383 657 533 752 luptatee,
560 655 760 737 depellentem
776 655 914 717 dolores:
930 651 1137 715 fortitudinem
1158 675 1170 734 e

385 736 484 818 aliquo
513 737 607 798 modo
649 737 832 817 expediunt,
860 755 953 817 quum
978 734 1099 796 tradunt
1132 752 1170 794 rat

384 817 570 898 negligendae
599 818 729 891 mortis,
760 816 1004 900 perpetiendique
1025 814 1159 877 doloris:

385 899 607 980 temperantiam
619 899 779 972 inducunt,
794 918 855 959 non
863 896 1002 958 facillime
1013 897 1056 957 illi
1069 895 1170 978 quidet

385 977 1170 1144 :nr‘bgllllnll‘llllliulllll‘llls.

386 1142 523 1216 vacillat,
534 1143 583 1203 vel
602 1139 805 1223 jacetpotibs,
824 1141 983 1223 omnesque
994 1159 1037 1200 eae
1050 1141 1170 1200 virtutes

388 1225 420 1285 in
438 1224 646 1285 communitate
670 1240 850 1295 cernuntur,
879 1222 912 1284 dc
942 1222 972 1281 in
999 1219 1139 1280 societate
1163 1239 1170 1301 ι

388 1307 533 1367 humani:
556 1324 652 1385 neque
676 1305 753 1364 enim
774 1303 909 1377 bonitas,
929 1321 986 1382 nec
1015 1301 1170 1362 liberalitas

387 1389 511 1448 comitas
531 1385 587 1446 esse
609 1384 725 1465 potest,
744 1404 804 1444 non
823 1385 887 1464 plus
906 1383 995 1463 qudrn
1007 1384 1158 1453 amicitia,

388 1488 451 1606 ποίη
465 1487 516 1548 per
529 1465 559 1527 se
574 1482 761 1547 expetantur,
775 1464 825 1527 sed
837 1464 876 1526 ad
885 1464 1070 1546 voluptatem
1082 1463 1170 1524 utilite

385 1566 420 1608 re
435 1564 561 1609 erantur.

431 1625 573 1709 llxxlv.
593 1624 791 1690 Conferamus
811 1627 899 1708 igitur
912 1628 942 1687 in
963 1645 1074 1708 pauca:
1094 1644 1163 1701 nam

387 1707 502 1770 litatem
535 1707 645 1770 nullam
677 1708 734 1772 elle
760 1709 933 1782 docuimus,
954 1730 1019 1790 quae
1043 1706 1170 1768 honesta¹

273 1831 281 1850 2
389 1791 552 1865 contraria3
575 1792 617 1851 sic
639 1809 759 1852 omnem
781 1789 964 1870 uoluptatem
986 1790 1111 1849 dicimus
1135 1789 1170 1848 bc

390 1870 450 1934 effe
467 1874 639 1934 contrariam
650 1874 731 1953 :uqub
745 1872 836 1953 magis
855 1868 1112 1952 reprehendendos
1123 1866 1168 1928 Ca

390 1974 480 2027 nem,
501 1954 533 2015 ἃ
544 1952 762 2015 Dinomachum
775 1949 1170 2033 judic0,quisediremptun

388 2038 565 2098 troversiam
580 2051 772 2114 putaverunt,
792 2035 817 2094 si
834 2053 901 2094 cum
912 2031 1064 2094 honestate
1074 2031 1169 2113 volup

389 2134 540 2196 tamquam
560 2136 627 2180 curn
642 2114 761 2176 homine
784 2115 949 2196 pecudem,
970 2111 1170 2196 copulavillen

389 2197 499 2276 recipit
523 2193 606 2256 illam
631 2194 867 2276 conjundlionem
898 2193 1058 2265 honestas,
1096 2193 1170 2276 asper

389 2275 532 2356 repellit:
559 2295 615 2336 nec
633 2279 708 2338 verb
728 2276 794 2337 finis
816 2278 963 2339 bonorum
981 2278 1014 2339 dc
1035 2275 1170 2337 malorun

393 2357 521 2439 simplex
533 2355 589 2431 effe
609 2356 717 2429 debet,
752 2378 789 2419 ex
807 2358 993 2420 dissimilibus
1012 2358 1099 2418 rebus
1119 2360 1170 2417 mil

392 2440 551 2520 temperari
568 2437 673 2522 potest.
693 2435 752 2500 Sed
772 2440 809 2500 de
831 2440 889 2501 hoc
913 2439 1040 2522 (magna
1060 2442 1166 2501 enimc

395 2539 413 2582 1
435 2521 493 2583 alio
511 2522 580 2583 locu
604 2520 760 2602 pluribus:
784 2540 860 2581 nunc
882 2522 919 2583 ad
941 2523 1136 2603 propositum.

439 2623 507 2665 120.
521 2602 785 2685 Quemadmodum
801 2603 907 2701 igitur,
927 2606 950 2663 si
973 2602 1090 2684 quando
1109 2622 1170 2684 eaq

391 2681 514 2747 'deretur
534 2687 658 2756 utilitas,
682 2681 824 2748 honestati
846 2703 1009 2767 repugnat,
1025 2682 1170 2762 dijudicati

397 2769 454 2838 sit,
478 2766 543 2827 satis
569 2766 611 2828 est
634 2768 717 2850 supra
741 2766 941 2848 disputatum:
961 2768 1003 2826 sin
1033 2784 1133 2827 autem
1157 2765 1170 2824 s

396 2848 527 2957 uplitatis
545 2850 631 2957 etiapn
649 2851 787 2957 voluptas
806 2849 913 2957 habepe
936 2849 1068 2920 dicetur,
1092 2846 1170 2957 nulla
