2817 4267
557 357 750 424 ‚Lrnrn
790 357 817 424 1.
1075 357 1135 427 281·

238 467 318 539 die,
342 483 406 549 quo
425 460 541 529 excesfit
563 462 679 528 evita:
701 466 790 530 docet
813 464 892 528 enim
911 463 1067 551 quemvis,
1089 469 1139 551 qni
1215 482 1218 487 ·

194 593 195 622 ,
243 552 384 611 omnium
402 568 499 610 rernm
510 546 590 607 rudis
610 546 666 614 esse
683 548 834 614 videatur:
854 548 930 610 bene
948 551 1139 631 interroganti

194 635 200 698 ἲ,
244 629 500 714 respondentem,
516 628 662 691 declarare
681 628 710 691 se
728 651 788 690 non
800 648 863 691 sum
882 630 930 690 illa
947 630 1073 703 discere,
1087 630 1138 692 sed

247 711 465 774 reminiscendo
484 711 715 793 recognoscere3
732 732 787 772 nec
804 712 878 774 verb
891 709 955 773 fieti
970 712 1031 774 ullo
1044 712 1143 783 modo,

194 795 195 804 ’
247 793 354 875 posse,
371 811 405 853 ut
423 815 440 854 a
457 794 556 876 pueris
574 811 620 854 tot
635 813 731 855 terum
752 811 839 873 atque
858 810 999 854 tantarum
1020 796 1136 868 insitas,

194 907 203 952 .,·
250 876 282 938 &
299 877 385 957 quasi
405 876 586 956 consignatas
604 875 751 935 inanimis
767 877 923 949 notiones,
940 896 1009 957 quas
1019 875 1135 944 ἑννοίας

201 955 207 976 “·
252 973 379 1028 vocant,
398 956 590 1028 haberemus3
601 958 654 1016 nisi
666 957 798 1030 animus,
817 974 972 1041 antequam
986 958 1015 1015 in
1027 977 1136 1039 corpus

250 1035 430 1111 intravisset,
459 1040 490 1097 in
518 1056 615 1099 rerum
645 1039 815 1119 cognitione
832 1035 975 1119 viguisset.
1001 1036 1159 1119 Cstmque·

217 1181 221 1188 ,
252 1118 322 1179 nihil
343 1116 441 1193 esset,
470 1134 502 1178 ut
527 1117 664 1179 omnibus
687 1122 760 1179 locis
787 1142 804 1179 a
830 1118 950 1179 Platone
977 1117 1138 1195 disseritur,

253 1197 344 1279 (nihil
363 1204 442 1261 enim
462 1199 512 1260 ille
533 1218 613 1282 putat
627 1199 704 1275 esse,
726 1200 807 1281 quod
823 1202 930 1261 oriatur
949 1198 982 1260 δι
997 1201 1136 1270 intereat,

253 1278 444 1363 idquesolum
457 1278 513 1342 effe
524 1325 534 1356 ,
547 1280 629 1364 quod
643 1280 758 1361 semper
768 1282 824 1341 tale
835 1284 891 1353 sit,
911 1275 1028 1361 qualem
1039 1282 1136 1342 ideam

203 1365 219 1440 j.
253 1362 380 1446 appellat
395 1363 466 1436 ille,
491 1384 547 1424 nos
566 1361 715 1444 speciem)
746 1383 806 1423 non
825 1364 920 1443 potuit
941 1363 1054 1422 animus
1071 1361 1134 1422 lraec

252 1463 375 1526 corpore
398 1441 523 1505 inclusus
545 1444 720 1525 agnoscere,
752 1446 868 1525 cognita
885 1443 998 1530 attulitr
1018 1464 1055 1505 ex
1072 1464 1134 1524 quo

251 1541 307 1589 tem
331 1526 489 1588 multarum
516 1546 614 1586 rerum
633 1526 809 1607 cognitionis
833 1525 987 1587 admiratio
1012 1525 1136 1589 tollitur.

249 1604 406 1689 Neque-ea
431 1605 517 1688 plane
538 1608 620 1668 videt
640 1610 772 1682 animus,
796 1608 864 1668 cium
883 1623 1004 1689 repente
1021 1607 1052 1667 in
1072 1625 1133 1669 tam

247 1687 397 1751 insolitum
420 1706 539 1769 tamque
560 1690 761 1769 perturbatum
780 1689 961 1750 domicilium
982 1690 1132 1772 immigra·
1173 1740 1184 1752 .

247 1772 311 1843 vit,
333 1768 385 1830 se'd
401 1770 468 1830 clim
480 1768 508 1829 se
525 1770 642 1850 collegit
657 1788 743 1849 atque
760 1772 921 1841 recreavit,
944 1786 1005 1829 tum
1027 1770 1132 1852 agnos·

209 1857 212 1862 '
245 1851 350 1913 cirilla
368 1848 598 1930 reminiscendo„
609 1850 653 1911 Ita
673 1850 744 1909 nihil
761 1849 802 1910 est
819 1850 897 1909 aliud
921 1847 1050 1923 discere,
1077 1853 1132 1911 nisi

198 2001 200 2006 ,
242 1929 405 1994 recordari.
434 1931 498 2012 Ego
527 1950 623 1992 autem
643 1931 754 2012 majore
776 1934 863 1993 etiam
888 1930 1018 2011 quodum
1039 1932 1133 1992 modo

194 2015 198 2072 l
244 2016 419 2090 memoriam
436 2013 575 2073 admiror.
596 2010 681 2092 Quid
694 2012 735 2073 est
748 2014 825 2072 enim
842 2013 933 2082 illud,
954 2032 1014 2091 quo
1025 2015 1132 2072 memi-

243 2093 361 2157 nimus?
377 2112 426 2156 aut
446 2115 532 2175 quam
547 2095 635 2155 habet
649 2092 731 2159 vim?
752 2112 800 2156 aut
820 2095 898 2158 unde
919 2094 1038 2154 natam?
1059 2093 1131 2155 Non

244 2198 346 2261 quaero
370 2176 478 2259 quanti
499 2178 642 2238 memorii
665 2198 677 2236 r
699 2176 866 2239 Simonides
886 2172 965 2237 suille
993 2173 1128 2252 dicatur3

243 2260 352 2343 quanti
371 2257 608 2334 2Theodosles3
631 2279 736 2343 quanta
748 2262 794 2335 is,
815 2263 895 2342 quia
916 2258 1031 2339 Pyrrlro
1051 2257 1131 2340 lega·

242 2357 288 2403 tus
307 2342 346 2401 ad
369 2339 498 2401 senatum
522 2341 563 2402 est
585 2344 682 2403 missus
703 2340 876 2423 3Cyneas3
924 2339 1010 2402 nanti
1035 2359 1129 2420 nuper

241 2421 478 2500 4,Charmadas;
501 2424 629 2503 quanti,
646 2424 695 2504 qui
709 2424 800 2483 modo
821 2421 875 2483 suit
886 2468 894 2493 ,
904 2363 1047 2502 lcepsius
1060 2422 1131 2483 Me-

239 2504 401 2578 trodotus3
433 2504 539 2584 quanti
563 2501 861 2564 nosteraeHortensius
882 2524 890 2561 ε
912 2504 950 2563 de
977 2504 1128 2562 communi

239 2588 387 2647 'memoria
407 2585 532 2666 loquor,
559 2586 592 2648 dc
613 2605 716 2645 eorum
736 2584 879 2657 maxime,
909 2584 958 2663 qui
979 2583 1009 2640 in
1031 2582 1129 2663 aliquo

239 2665 355 2748 majore
367 2665 462 2727 studio
479 2668 585 2727 &arte
604 2666 772 2727 versamur:
792 2683 916 2745 quorum
929 2680 1033 2743 quanta
1046 2683 1130 2725 mens

240 2750 298 2820 sit,
319 2746 436 2808 difficile
453 2746 493 2808 est
515 2745 696 2819 existimare3
720 2746 865 2807 ita·tnulca
881 2745 1087 2805 meminerunt.

208 2849 215 2870 ⁸
279 2828 382 2889 XXV.
395 2826 529 2907 Quorsus
545 2831 630 2909 igitur
651 2829 712 2888 haec
731 2826 836 2906 speslat
859 2825 976 2887 oratio?
999 2822 1078 2967 Rure
1090 2826 1129 2886 sit

237 2910 289 2971 illa
309 2911 372 2982 vis,
392 2910 423 2969 δι
442 2910 539 2981 unde,
559 2909 780 2991 intelligendum
801 2924 882 2990 puto.
903 2908 972 2968 Non
989 2926 1004 2966 e
1049 2907 1129 2969 certe

237 3012 295 3054 nec
308 2988 424 3061 cordis,
447 3011 502 3051 nec
524 2989 688 3073 sanguinis,
709 3010 762 3051 nec
780 2988 914 3059 cerebri,
936 3007 991 3047 nec
1009 3003 1127 3050 atomo·

236 3094 314 3134 rum.
336 3071 445 3132 Anima
461 3074 504 3134 sit
521 3074 652 3144 animus,
674 3070 784 3154 ignisve
800 3069 918 3133 nescio:
937 3088 992 3129 nec
1009 3091 1057 3130 me
1072 3090 1129 3151 pu·

273 3191 283 3226 r
302 3175 433 3225 Simonide.
453 3175 534 3225 Artem
548 3175 668 3227 memoria
699 3174 788 3239 legatus
798 3173 827 3223 nd
837 3172 972 3234 Romanos,
984 3172 1078 3238 postero
1090 3172 1129 3224 die

237 3241 326 3311 primus
338 3238 458 3291 ostendisse
469 3238 561 3292 dicitur.
700 3239 725 3290 dr
742 3239 859 3289 senatores
876 3238 901 3289 δι
919 3241 1009 3303 equites
1030 3237 1128 3289 nomin?-

271 3322 288 3357 2
302 3303 461 3364 Theodosias,
490 3304 559 3356 semel
574 3303 667 3356 auditos
700 3303 742 3355 bus
755 3304 800 3353 suis
815 3303 970 3367 periclitavit.
1118 3343 1121 3348 .

238 3369 371 3438 quamlibet
388 3370 474 3421 multos
494 3368 571 3423 versus
590 3369 666 3437 proti·
732 3382 749 3428 4
778 3368 922 3416 Charmadas
947 3367 971 3418 δι
1001 3366 1127 3417 Metrodo-

236 3451 282 3490 utts
300 3434 422 3488 reddebat.
699 3431 843 3488 tinniunt
871 3434 1028 3498 coperuerunt
1039 3447 1128 3489 mento·

271 3514 287 3568 ³
308 3500 419 3567 cyneas,
447 3497 554 3552 missust
577 3496 666 3568 Pyrrho
699 3501 749 3563 rii,
768 3448 968 3553 utatrclcerode
982 3498 1085 3556 Oratore
1207 3481 1225 3536 ⁸
