2817 4267
490 389 562 476 De
601 392 889 461 Senectute:
1073 392 1131 462 161

239 500 291 575 ui,
309 497 462 583 quisunt3
476 497 527 560 sed
545 519 647 562 eorum
657 518 753 584 patres
764 505 866 575 etiam,
887 503 920 565 &
938 521 1011 565 avos
1024 524 1033 564 t
1045 521 1099 563 nec
1116 523 1129 563 ι

241 579 374 662 sepulcra
403 581 506 664 legens
532 600 639 644 vereor
668 582 772 664 (quod
788 581 888 664 aium)
909 603 945 644 ne
958 587 1130 645 memoriam

245 663 394 742 perdam
410 663 458 723 his
482 664 561 723 enim
574 665 645 744 ipsis
657 664 787 745 legendis
807 665 896 724 redeo
913 666 943 724 in
957 667 1132 726 memotiam

246 762 432 806 mortuorum
453 764 460 804 :
481 763 536 805 nec
553 744 626 805 verb
638 764 814 825 quemquam
829 744 927 805 senum
942 747 1041 807 audivi
1061 746 1133 806 obli·

249 837 331 897 tum,
358 845 422 907 quo
437 824 521 885 *loco
544 823 712 885 thesaurum
737 824 894 886 obruisset:
922 827 1038 899 omnia,
1066 846 1131 906 quae

250 923 361 981 corant,
373 906 591 979 meminerunt,
603 925 620 965 2
632 906 801 967 vadimonia
810 904 961 968 constituta
968 930 978 982 3
996 910 1046 990 qui
1058 909 1132 979 sibi,

253 986 350 1065 quibus
368 987 428 1068 ipsi
447 986 583 1048 debeam.

289 1085 336 1129 22.
352 1065 440 1147 Quid
457 1063 669 1148 jurisconsulti?
691 1066 763 1148 quid
788 1066 961 1149 pontifices?
984 1068 1054 1151 quid
1077 1090 1132 1130 au·

257 1149 353 1227 gaces?
370 1148 442 1230 quid
464 1146 630 1229 philosophi
647 1146 753 1209 senes?
772 1149 859 1231 quim
882 1149 971 1211 multa
991 1151 1132 1212 memine-

256 1228 334 1288 nnat
351 1248 474 1289 maneat
489 1230 604 1310 ingenia
625 1227 757 1301 senibus,
777 1230 869 1291 modb
891 1250 1059 1312 permaneat
1072 1229 1132 1290 slu-

259 1306 374 1386 dium&
390 1307 549 1383 industria3
568 1329 670 1370 necea
685 1309 916 1385 soluminclaris
933 1313 965 1373 δι
985 1312 1131 1370 honoratis

259 1391 340 1468 viris„
356 1387 407 1451 led
426 1393 458 1451 in
472 1392 533 1451 vita
553 1392 639 1472 etiam
656 1393 769 1471 privata
789 1393 822 1453 &
843 1394 950 1471 quieta.
969 1391 1131 1471 Sophocles

257 1471 286 1530 ad
301 1471 447 1532 summam
454 1468 629 1533 senectutem
642 1473 797 1553 tragoedias
812 1470 880 1533 fecit
892 1495 898 1533 :
912 1473 993 1554 quod
1013 1491 1131 1553 propter

256 1548 394 1625 studium,
414 1573 505 1634 quum
525 1572 587 1613 tem
607 1552 778 1613 familiarem
797 1556 944 1635 negligere
963 1553 1132 1626 videretur,
1152 1605 1157 1616 .

253 1631 342 1706 sfiliis
363 1636 395 1693 in
415 1633 557 1715 judicium
576 1652 696 1694 vocatus
716 1633 777 1707 est,
803 1653 853 1710 ut,
880 1635 1130 1717 quemadmodum

251 1711 343 1776 noslro
366 1734 474 1787 more,
503 1715 578 1775 male
598 1736 660 1775 rem
679 1716 844 1797 gerentibus
868 1718 1018 1797 patribus,
1044 1718 1130 1777 bonis

249 1794 377 1857 'mterdici
396 1796 491 1867 solet;
514 1798 554 1854 sic
578 1795 680 1867 illum,
708 1797 789 1877 quasi
814 1796 1026 1876 desipientem,
1055 1819 1071 1857 a
1099 1817 1131 1857 re

247 1874 377 1937 familiari
394 1893 584 1938 removerent
604 1876 725 1955 judices.
743 1876 822 1937 Tum
841 1876 927 1936 senex
947 1877 1050 1937 dicitur
1064 1897 1130 1936 eam

246 1955 391 2026 fabulam,
424 1977 511 2039 quam
534 1958 564 2015 in
592 1956 724 2017 manibus
753 1957 902 2029 habebat,
936 1958 968 2018 δι
995 1958 1129 2035 proxime

246 2036 413 2120 scripserat,
442 2036 581 2120 (Edipum
601 2059 616 2120 3
637 2037 805 2099 Coloneum
818 2034 948 2098 recitasse
969 2034 1130 2115 judicibus,

247 2118 459 2201 quaesisseque,
476 2138 544 2179 num
563 2118 634 2179 illud
646 2139 764 2180 carmen
780 2118 949 2198 desipientis
966 2117 1131 2195 videretur:

244 2221 299 2283 quo
316 2201 465 2272 recitato,
486 2200 633 2262 sententiis
644 2198 773 2279 judicum
790 2198 831 2260 est
851 2201 1035 2280 metamur

242 2276 246 2283 ’
281 2302 300 2343 a
324 2328 332 2341 .
353 2280 437 2342 Num
457 2281 543 2363 igitur
562 2279 659 2354 huitc,
680 2302 750 2343 num
770 2279 955 2354 Homerum,
977 2300 1047 2342 num
1060 2277 1130 2342 He·

246 2361 286 2425 aio
308 2383 380 2435 um,
399 2382 469 2423 num
491 2361 691 2435 Simonidem,
711 2383 780 2423 num
801 2362 1021 2435 Stesichorum,
1037 2363 1130 2436 num,
1192 2361 1194 2366 ’

246 2466 316 2525 quos
335 2460 403 2505 ame
424 2443 505 2517 dixi,
522 2443 700 2515 Isocratem,
721 2443 886 2526 Gorgiam,
909 2465 978 2504 num
998 2443 1128 2525 philoso-

245 2526 369 2605 phorum
390 2526 557 2607 principes,
575 2524 790 2605 Pythagoram,
813 2523 1040 2597 Democritum,
1059 2546 1130 2586 num

245 2605 415 2676 Platonem,
432 2626 501 2666 num
514 2604 733 2677 Xenocratem,
757 2625 826 2667 num
848 2604 946 2686 postea
960 2604 1129 2680 Zenonem,

244 2685 440 2758 Cleanthem,
455 2702 503 2746 aut
517 2707 602 2759 eum,
617 2706 703 2767 quem
715 2708 770 2748 vos
782 2688 868 2747 etiam
884 2684 987 2744 Romae
1001 2683 1130 2757 vidistis,

243 2767 413 2852 Diogenem
422 2765 572 2849 Stpicum,
589 2769 685 2848 coegit
697 2770 726 2827 in
745 2767 799 2827 suis
813 2765 912 2825 studiis
927 2763 1128 2826 obmutescere

244 2850 395 2913 sexredus?
425 2869 461 2908 an
474 2870 540 2909 vnun
562 2851 593 2911 in
617 2849 752 2909 omnibus
776 2849 809 2907 iis
829 2844 988 2907 studiorum
1009 2848 1128 2927 agitatio

242 2933 310 2995 vitae
328 2929 449 3013 aequalis
468 2928 543 2991 fuit?

281 3034 333 3087 ²4·
354 3014 421 3093 Age
432 3055 444 3085 ,
464 3029 495 3069 ut
508 3009 565 3071 'ista
586 3009 684 3071 divina
702 3008 795 3070 studia
810 3008 996 3080 omittamus,
1014 3007 1127 3091 possum

240 3095 393 3158 nominare
415 3111 452 3151 ex
470 3111 539 3174 agro
561 3088 702 3164 Sabino4
722 3090 843 3153 rullicos
861 3089 1032 3167 Romanos,
1056 3094 1128 3161 trici-¹

273 3212 285 3247 1
303 3196 356 3246 Nec
363 3194 471 3261 ftpuscra
486 3194 563 3259 legens
578 3212 667 3246 vercor.
699 3194 790 3260 judices
807 3192 916 3247 debeam.

240 3262 317 3327 Volgb
339 3261 463 3327 putabamr
494 3257 589 3309 officere
617 3273 668 3309 me·
751 3271 763 3323 3
792 3257 927 3309 Coloneum.
953 3257 1126 3308 Aduemautem

239 3323 340 3385 morie,
359 3324 378 3376 si
398 3324 449 3388 ouis
466 3323 554 3389 legeret
573 3323 668 3389 inscrip-
700 3323 799 3387 primum
825 3324 847 3373 ln
869 3323 947 3374 locum
967 3323 1066 3382 Attica,
1087 3322 1128 3387 qul

239 3394 315 3445 tiones
334 3388 505 3455 sepulcrorum.
700 3388 809 3451 colonus
825 3387 956 3456 dicebatur.
1034 3449 1039 3461 ,

272 3452 586 3513 2Vadimottiucottstituta.
599 3452 669 3507 Dies,
734 3452 884 3515 4Rusticas.
900 3451 964 3503 'Rut't
986 3448 1127 3505 habitantes.

242 3521 324 3594 quihus
343 3535 374 3576 cx
389 3518 515 3587 spunsione
534 3516 591 3571 licre
609 3517 670 3585 apud
702 3516 768 3573 Olim
786 3532 897 3588 proceres
911 3514 1013 3571 Romani
1024 3514 1046 3569 ia
1059 3517 1126 3587 agris
