2817 4267
422 404 616 476 'Linea
658 407 971 475 s'acuunus.
1092 415 1134 497 ⁶9

228 519 243 584 i·
259 515 367 580 siturile.
379 515 483 596 Quod
493 517 543 598 riui
557 536 659 597 parurn
670 515 858 597 perspiciunt,
874 520 902 577 hi
922 518 998 601 saepe
1009 564 1018 594 ‚
1031 518 1133 578 versu·

238 635 242 644 ·
258 600 484 686 toshominej&
494 595 616 660 callidos
632 599 808 658 admirantes
819 646 826 666 ‚
839 600 1000 673 malitiam,
1020 599 1134 681 sapien-

257 684 306 741 tiam
316 683 452 760 judicant
463 701 470 737 :
509 700 615 739 uorum
628 699 709 738 error
719 681 883 759 eripiendus
895 679 954 751 est,
971 684 1133 763 opinioque

258 768 333 823 omnis
343 763 383 822 ad
401 780 470 820 eam
488 702 571 841 ipem
584 760 761 819 traducenda
774 803 783 832 ,
797 778 829 820 ut
845 761 971 821 honestis
985 765 1134 835 consiliis,

257 838 374 926 iustisque
389 842 477 902 saetis
488 886 498 914 ,
508 862 570 909 non
580 840 680 899 fraude
690 842 723 902 &
736 841 843 906 melitii
855 887 866 914 ‚
880 841 908 903 se
920 844 1079 926 intelligant
1087 865 1137 920 ea,

257 926 433 1004 quaeunt,
448 923 589 1003 consequi
603 919 693 1002 poffe.
1094 979 1101 986 ,

293 1026 327 1066 rt.
345 1005 434 1085 Quae
454 1023 528 1083 ergo
545 1003 582 1061 ad
600 1005 694 1084 vitpm
712 1002 864 1062 hominum
885 1003 1022 1065 tuendam
1041 1007 1133 1088 perti·

255 1104 328 1159 nent,
351 1087 465 1169 partim
485 1091 549 1143 tunt
564 1085 710 1155 inanima,
729 1102 760 1143 ut
775 1105 894 1155 aurum,
913 1105 1085 1166 argentum,
1102 1104 1133 1148 ut

255 1188 280 1226 ea
293 1189 354 1248 quae
376 1170 541 1249 gignuntur
557 1171 574 1225 'e
599 1182 699 1233 terra,
723 1183 753 1223 ut
777 1165 830 1223 alia
848 1164 975 1243 ejusdem
996 1172 1134 1248 generis;

255 1254 345 1329 prrrim
358 1248 497 1307 animalia
511 1265 594 1325 ,quae
607 1244 716 1303 habent
728 1266 742 1325 3
760 1243 825 1304 suos
837 1250 961 1326 impetus
973 1292 981 1319 ,
993 1253 1024 1308 &
1038 1269 1135 1308 rerum

255 1332 401 1409 appetitus.
418 1327 532 1387 Eorum
545 1343 641 1385 autem
653 1326 708 1383 alia
720 1328 835 1386 rationis
848 1330 976 1405 expertia
990 1326 1068 1399 sunt,
1079 1330 1134 1389 alia

255 1415 356 1469 ratione
369 1409 497 1468 utentia.
518 1405 660 1488 Expertes
671 1408 808 1478 rationis,
828 1411 895 1487 equi
911 1451 920 1479 ‚
935 1408 1050 1480 boves,
1065 1410 1136 1469 reli-

228 1555 229 1560 *
255 1511 309 1570 qua
325 1489 460 1573 pecudes
474 1534 483 1560 ‚
498 1509 568 1569 apes
582 1493 597 1561 ,'
609 1508 729 1567 quarum
742 1509 833 1567 opere
847 1486 970 1547 efficitur
981 1490 1087 1571 aliquid
1100 1491 1136 1551 ad

254 1569 399 1634 hominum
417 1569 502 1630 usum
520 1587 605 1650 atque
625 1567 728 1628 vitam.
742 1568 865 1628 Ratione
879 1590 975 1630 aurem
992 1579 1138 1633 utentium

256 1651 306 1712 duo
325 1672 436 1734 genera
453 1653 625 1731 ponuntur:
641 1671 751 1724 unum,
770 1651 890 1710 deorum
905 1674 914 1725 ;
932 1652 1050 1714 alterum
1062 1699 1072 1726 ‚
1084 1654 1137 1715 ho·

257 1736 368 1793 minum.
388 1732 477 1793 Deos
505 1732 635 1812 placatos
656 1733 747 1810 pietas
769 1729 904 1802 efficiet,
932 1734 964 1794 &
988 1734 1133 1795 sanutus:

259 1815 382 1890 proxime
393 1831 514 1883 autern,
538 1809 735 1883 &secundum
747 1811 838 1882 deos,
860 1813 993 1873 homines
1009 1815 1137 1875 homini·

259 1893 304 1953 bus
316 1895 442 1954 maxime
456 1893 543 1952 utiles
556 1890 612 1952 effe
629 1891 751 1970 poffunt.

307 1994 352 2035 12.
370 1975 539 2055 Earumque
558 1975 628 2032 item
657 1993 771 2045 rerum,
794 1993 858 2053 quae
880 1989 1004 2033 noceant
1023 1974 1054 2035 &
1077 1973 1137 2035 ob·

264 2056 309 2122 rim
330 2103 342 2131 ‚
362 2057 469 2117 eadem
489 2055 595 2114 divisio
618 2050 668 2113 est.
690 2052 747 2113 Sed
768 2057 834 2134 quia
856 2053 928 2114 deos
949 2074 1055 2114 nocere
1076 2076 1137 2117 non

267 2155 375 2215 putant,
396 2136 610 2216 his'exce'ptis,
628 2133 761 2194 homines
780 2135 945 2195 hominibus
963 2133 1059 2195 obeffe
1074 2136 1140 2215 plu-

267 2219 356 2279 rimum
379 2218 569 2285 arbitrantur:
588 2235 621 2275 ea
640 2218 717 2274 enim
736 2213 817 2296 ipsa,
838 2237 901 2295 quae
924 2217 1048 2277 inanima
1067 2219 1140 2278 dixi·

268 2317 345 2373 nus,
376 2299 516 2381 pleraque
546 2296 609 2355 sunt
634 2297 784 2356 hominum
801 2299 896 2377 operis
916 2296 1016 2360 effetta
1037 2343 1047 2373 ,
1071 2321 1137 2382 quae
1195 2305 1200 2315 “

272 2397 312 2439 uec
331 2380 526 2451 haberemus,
549 2378 603 2435 nisi
623 2398 723 2436 manus
738 2380 768 2438 &
793 2399 838 2436 ars
855 2379 1033 2441 accessissem
1054 2403 1064 2456 ;
1083 2402 1138 2441 nec

270 2455 302 2518 his
320 2464 377 2521 sine
389 2462 553 2520 ¹hominum
582 2456 824 2518 administratione
850 2476 1020 2529 uteremur:
1040 2482 1137 2542 neque

271 2542 331 2600 mim
343 2541 519 2604 valetudinis
532 2540 657 2611 curatio,
668 2559 704 2597 ne
728 2561 762 2598 ue
774 2543 919 2621 navigatio
934 2586 941 2602 ,
954 2561 1047 2620 neque
1058 2545 1136 2621 agri·

244 2651 246 2656 ·
271 2622 380 2696 tritura}
406 2639 505 2700 neque
525 2619 638 2700 frugum
659 2561 858 2702 fruiiuumque
875 2621 1052 2701 reliquorum
1071 2643 1137 2701 per-

270 2706 347 2784 ceptio
363 2707 397 2767 &
410 2700 616 2775 conservatio,
636 2701 697 2760 sine
709 2702 859 2762 hominum
880 2722 990 2781 opera,
1010 2700 1067 2761 nlla
1079 2701 1137 2770 effe
1198 2731 1201 2736 ·

268 2785 396 2863 potuisset.
999 2797 1007 2808 ‘

270 2917 274 2930 .
309 2868 434 2947 13.Jam
455 2864 529 2924 verb
550 2864 581 2924 &
600 2882 697 2923 earum
718 2882 834 2935 rerum,
856 2861 959 2942 quibus
978 2862 1137 2932 abundare·
1200 2879 1203 2884 ’

266 2964 316 3008 nus
325 2948 491 3030 exportatio
503 2989 512 3015 ,
524 2946 556 3004 &
569 2966 667 3008 earum
679 2989 689 3015 ,
701 2943 804 3024 quibus
821 2963 989 3025 egeremus,
999 2945 1139 3022 investio,
1165 2942 1167 2946 ’

265 3029 329 3090 certe
340 3028 419 3090 nulla
433 3025 524 3095 effer,
540 3027 592 3084 nisi
606 3027 647 3085 his
662 3025 828 3084 muneribus
840 3027 972 3086 homines
983 3025 1033 3086 fun
1056 3050 1138 3090 eren·

265 3123 301 3168 tur
311 3132 321 3185 ;
339 3111 505 3188 eademque
523 3108 630 3166 ratione
649 3127 702 3166 nec
726 3106 834 3186 lapides
848 3127 863 3170 e
878 3125 952 3166 terra
965 3049 1137 3170 exciieren-

265 3205 300 3249 tur
309 3192 343 3251 ad
354 3191 437 3250 usum
450 3179 578 3247 nostrum
591 3186 755 3259 necessarii3
769 3187 925 3267 necfenum
934 3233 942 3259 ‚
952 3205 993 3247 'as
1002 3233 1011 3256 ‚
1020 3211 1136 3261 (aarum,

263 3293 386 3351 argentum
400 3270 574 3352 ffiderenrur
584 3272 694 3350 penitus
710 3261 827 3341 abdita,
850 3271 910 3333 sine
927 3268 1077 3329 homiuum
1095 3270 1138 3330 la·

262 3351 486 3415 hore&manu.·
910 3394 913 3400 .
1048 3381 1053 3390 ν
1133 3358 1136 3366 “

295 3433 348 3496 lv.
368 3431 462 3496 Teiia
479 3431 570 3501 verb,
594 3430 698 3517 quibus
721 3429 753 3492 δι
771 3429 908 3512 frigorum
924 3432 968 3493 vis
980 3429 1137 3522 pellgr‘etut¹

288 3538 375 3607 ‚Suos
387 3531 616 3608 imperaul'roprios
626 3544 704 3591 notus
716 3534 744 3610 δι,
751 3521 928 3604 propensiores.
994 3559 997 3564 ·
1017 3525 1019 3530 ’
