2817 4267
535 385 539 392 ·
589 351 768 414 Lrunn
809 351 832 413 l.
1092 367 1152 434 307

249 459 344 521 velut
364 455 513 541 superiore
543 456 560 518 ὲ
587 457 656 519 loco
674 454 908 517 concionandum
925 474 936 529 3
966 469 999 515 ut
1019 451 1156 516 homines

193 521 198 598 l
249 559 391 620 mortem
410 540 459 601 vel
477 554 579 620 optare
599 539 759 619 incipiant,
779 539 827 599 vel
849 537 928 598 cerri
946 537 1048 597 timere
1064 536 1154 597 desis·

194 621 199 654 ²
246 636 331 685 rant.
349 622 430 683 Nam
449 623 473 681 si
483 620 631 701 supremus
642 621 690 681 ille
709 620 771 680 dies
784 642 842 680 non
855 617 1083 688 excindionem,
1101 618 1152 679 sed

247 704 524 767 commutationem
536 700 620 764 affert
632 702 689 764 loci
699 723 710 776 ;
722 702 795 784 quid
802 699 977 783 optabilius?
998 701 1041 760 sin
1053 719 1152 760 autem

247 787 400 866 perimit,
420 805 453 845 ac
467 783 545 845 delet
564 786 707 859 omnin03
723 783 794 864 quid
805 784 928 851 melius,
947 779 1033 863 quim
1044 785 1072 839 in
1085 803 1152 842 me-

250 869 313 928 diis
328 867 400 928 vitae
415 866 562 927 laboribus
580 864 820 936 obdormiscere,
834 866 867 925 &
885 868 924 923 ita
943 865 1152 923 conniventem

251 946 534 1029 somno‘consopiri
555 946 754 1028 sempiterno?
782 944 876 1025 Quod
896 946 920 1003 si
949 943 1018 1015 fiat,
1045 945 1152 1005 melior

199 1093 206 1102 ,
250 1025 365 1102 Ennii,
393 1028 481 1113 qudtn
502 1027 619 1092 Solonis
642 1031 763 1090 oratioe
788 1030 835 1088 hic
854 1029 933 1089 enim
951 1023 1069 1099 noster,

295 1137 449 1208 Nemone
465 1135 596 1214 lacrymis
617 1137 742 1208 decoret,
768 1132 881 1214 inquit,
900 1154 948 1195 nec
962 1131 1064 1213 fimeto
1080 1129 1152 1214 fletu

300 1223 321 1280 ”,
442 1218 532 1277 Faxit

256 1295 304 1360 'At'
321 1297 397 1358 verb
419 1294 531 1378 sapiens
546 1296 597 1357 ille
615 1340 625 1371 ,

197 1463 201 1468 ,
297 1403 382 1463 Mors
402 1422 461 1460 mea
479 1424 513 1461 ne
534 1420 625 1459 careat
641 1399 771 1478 lacrymis
789 1420 798 1458 .·
818 1400 977 1481 linquamus
992 1400 1090 1461 amicis

298 1486 461 1554 Merorem,
481 1501 512 1542 ut
530 1483 659 1542 celebrent
670 1485 771 1561 funera
790 1503 850 1541 cum
869 1485 980 1564 gemitu.

260 1585 324 1648 Nos
339 1588 436 1657 verb,
456 1587 480 1645 si
498 1586 569 1669 quid
584 1586 642 1647 tale
660 1586 814 1657 acciderit,
833 1605 863 1646 ur
883 1586 900 1645 ir
918 1586 976 1650 deo
997 1588 1150 1650 dehuncia·

262 1684 323 1729 tum
340 1669 495 1740 videatur,
524 1685 556 1728 ut
575 1688 713 1727 exeamus
733 1668 749 1728 ὲ
768 1669 849 1740 vita,
870 1669 949 1739 laeti,
980 1672 1151 1753 &agentes

194 1801 195 1806 ,
260 1752 362 1832 gratias
379 1770 531 1831 pareamus
543 1771 553 1824 ;
566 1750 718 1830 emittique
736 1769 790 1809 nos
808 1750 825 1808 ὲ
841 1747 992 1824 custodia,
1008 1753 1040 1815 dc
1058 1754 1152 1811 levari

261 1830 384 1892 vinculis
405 1833 597 1891 arbitremur:
622 1851 634 1888 1
661 1848 692 1891 ut
709 1848 758 1890 aur
775 1831 805 1890 in
824 1846 984 1903 aeternam,
1015 1834 1046 1894 δι
1065 1835 1150 1913 plane

194 1977 195 1990 χ
261 1912 289 1972 in
306 1911 434 1975 nostram
454 1913 577 1973 domum
598 1916 806 1994 remigremus,
820 1927 870 1970 aut
893 1913 973 1971 omni
987 1912 1066 1972 sensu
1085 1934 1150 1973 tno·

194 2037 196 2044 ·
260 1992 412 2075 lestihque-
428 2015 587 2055 careamus.
611 1991 661 2052 Sin
687 2013 785 2054 autern
807 1990 879 2052 nihil
906 1991 1151 2070 denuntiabitur3

209 2097 218 2106 ·
261 2094 296 2137 eo
308 2095 407 2136 tamen
420 2079 509 2137 simus
520 2077 637 2145 animo,
656 2093 687 2135 ut
699 2074 867 2135 horribilem
880 2071 961 2133 illum
977 2075 1056 2135 diem
1069 2074 1148 2145 aliis,

261 2158 345 2219 nobis
365 2154 489 2220 faustum
506 2176 662 2238 putemus:
684 2155 813 2236 nihilque
830 2153 860 2215 iri
878 2155 962 2216 malis
987 2157 1148 2231 ducamus,

259 2237 339 2324 quod
355 2239 394 2300 sit
413 2238 463 2300 vel
480 2238 497 2300 t
514 2238 569 2300 diis
584 2237 814 2314 immortalibus,
828 2235 909 2301 velit
928 2255 1029 2299 natura
1046 2260 1149 2321 paren·

259 2321 441 2384 teomniunt
457 2320 654 2382 constitutum.
679 2320 752 2381 Non
774 2324 852 2381 enim
874 2320 988 2381 temere
1010 2341 1065 2382 nec
1087 2321 1149 2383 for·

228 2477 232 2486 ¹
257 2404 332 2466 tuito
350 2401 402 2464 lari
425 2403 458 2465 dc
473 2404 561 2463 creati
582 2401 697 2462 sumus:
721 2399 770 2460 sed
792 2399 924 2483 profedlb
940 2399 996 2461 fuir
1013 2404 1149 2483 quaedam

257 2486 320 2559 vis,
335 2503 400 2566 quae
412 2487 514 2567 generi¹
522 2482 686 2547 consuleret
701 2483 849 2555 humano;
870 2502 924 2542 nec
946 2481 976 2542 id
993 2485 1148 2565 gigneret,

255 2582 306 2628 aut
324 2566 551 2646 aterer,·quod,
574 2566 639 2625 cum
663 2563 862 2625 exantlaviller
885 2583 988 2628 omnes
1009 2565 1146 2647 labores,

229 2645 231 2654 '
255 2664 318 2708 tum
339 2646 484 2708 incideret
505 2648 535 2706 in
554 2648 657 2707 mortis
677 2646 786 2706 malurn
811 2645 1063 2727 sempiternum*
1076 2650 1146 2710 Por·

256 2746 319 2790 tum
335 2731 433 2810 potiirs
445 2746 575 2808 paratum
589 2728 673 2788 nobis
688 2726 899 2809 &perfugium
934 2746 1049 2789 uremus
1062 2751 1069 2789 :
1084 2733 1145 2811 qub

256 2812 367 2871 utinam
392 2809 466 2871 velis
501 2810 592 2892 passis
616 2808 738 2891 pervehi
763 2810 873 2870 liceat!
902 2749 952 2869 dn
981 2810 1147 2873 reflantibus

255 2894 353 2958 ventis
373 2890 560 2967 rejiciemur,
574 2909 672 2953 tamen
685 2889 792 2951 eddem
814 2891 900 2972 paulin
914 2891 1022 2953 rardibs
1035 2891 1147 2955 refera·
1201 2912 1204 2916 ·

255 2993 322 3034 mur
343 2970 456 3033 necell'e
484 2971 535 3034 eli.
555 2971 651 3052 Quod
671 2991 768 3033 autem
788 2974 924 3033 omnibus
942 2972 1055 3035 necesse
1078 2974 1145 3050 est,

254 3055 324 3118 idne
346 3053 483 3116 miserum
505 3052 562 3115 elle
583 3056 633 3115 uni
651 3053 769 3137 potest?
788 3054 888 3116 Habes
908 3056 1078 3141 epilogum3
1106 3076 1144 3118 ne

288 3157 683 3220 1Utantinorernam‚&r.llfin
717 3158 778 3210 Mais
795 3159 816 3209 la
836 3159 941 3226 Religion
961 3175 1020 3212 nous
1039 3159 1146 3226 enseigne

253 3223 309 3284 ou'il
319 3237 379 3274 nous
390 3225 466 3275 arrive
480 3238 512 3275 ou
523 3225 553 3279 de
564 3235 685 3276 retournrr
716 3239 763 3290 que
773 3223 838 3276 uren
852 3227 886 3277 eli
901 3227 950 3277 bon
970 3228 996 3278 δι
1014 3225 1072 3286 iuste
1093 3236 1146 3277 tout

253 3289 311 3346 daus
321 3288 345 3342 le
354 3287 430 3350 seiont
439 3290 540 3350 eremel,
556 3302 624 3343 notre
637 3290 683 3343 ve·
717 3289 764 3339 lla
778 3288 839 3352 lois,
858 3292 883 3341 &
902 3307 947 3357 que
958 3305 1052 3341 comme
1066 3290 1082 3340 il
1101 3306 1116 3357 y
1131 3303 1144 3342 a

252 3355 333 3405 ritable
350 3355 461 3407 demeure
472 3370 504 3407 ou
520 3356 602 3420 partie.
717 3353 759 3406 des
774 3355 937 3422 recompenset
953 3356 1074 3408 eternelles
1084 3369 1144 3422 pour

287 3437 301 3469 2
315 3419 418 3472 Citeron
430 3421 549 3484 regardoit
563 3420 627 3473 l'erre
644 3421 682 3471 su·
717 3419 752 3471 les
761 3435 816 3485 gent
828 3420 976 3489 dehien‚ily
988 3436 1000 3472 a
1013 3421 1053 3472 des
1062 3422 1144 3485 peiuri

251 3485 332 3550 ptine
344 3500 439 3539 comme
450 3500 494 3540 une
508 3485 581 3539 boore
596 3485 683 3541 infinie.
717 3485 839 3540 irrrnellcs
850 3501 910 3555 pour
922 3488 957 3540 lrs
973 3487 1111 3556 coupables.
