2817 4267
568 354 830 444 Lrssrtv,
998 414 1010 426 ,,
1077 370 1137 439 173·

228 458 445 525 ,beatiffimsm
467 483 474 522 :
498 457 606 525 deinde
631 481 645 540 3
677 482 718 541 eu¹
736 459 849 542 mtjore
867 461 961 542 'parte
989 458 1142 543 plerasque

251 566 301 606 res
322 548 486 614 nominati,
511 548 599 605 etiam
622 547 656 606 si,
669 566 726 625 qua
745 565 809 624 pnrs
836 542 969 603 abesset:
987 561 1019 602 ut
1040 545 1141 617 vires,

251 643 284 686 ut
295 627 495 690 valetudinem
506 671 514 697 ‚
527 644 559 685 ur
568 626 705 696 divitias,
727 643 757 685 ut
769 628 932 696 honorem,
953 641 984 683 ut
997 624 1119 704 gloriam
1132 643 1142 685 t

250 726 319 787 quae
339 709 471 789 genere,
491 728 551 767 non
570 727 693 767 numero
711 724 917 766 cerneremur:
932 707 1002 765 irem
1023 706 1140 765 beatam

252 790 367 859 vitam,
392 792 479 848 eriam
499 790 529 856 si⁸
547 808 583 848 ex
598 790 785 868 aliquaparte
797 787 986 858 claudicaret-3
998 804 1141 847 tamenex

251 869 347 929 multo
362 868 476 947 majore
496 887 576 948 parte
593 869 847 929 obtinerenorrren
864 867 952 927 suum.
968 866 1040 927 Haec
1062 886 1140 928 nunc

250 949 407 1009 enucleare
418 972 477 1010 non
489 953 527 1009 ita
538 970 661 1011 necesse
670 948 711 1012 est
728 972 734 1007 :
755 963 919 1030 quanquam
932 966 991 1007 non
1001 949 1140 1009 constan·

250 1029 356 1092 tiss'rme
385 1030 441 1096 dici
465 1027 534 1091 miiri
555 1033 701 1090 videntur.
729 1029 807 1090 Nam
830 1030 864 1091 δι
883 1029 933 1109 qui
952 1025 1053 1089 be'utus
1074 1021 1137 1101 eit,

249 1132 312 1172 uon
334 1113 467 1193 intelligo
482 1113 552 1192 quid
565 1114 710 1190 requirat,
722 1128 753 1169 ut
765 1112 802 1171 sit
813 1111 946 1172 beatior:
965 1110 988 1169 si
1003 1108 1044 1170 est
1060 1112 1140 1172 enim

249 1192 333 1274 quod
351 1192 444 1265 desit,
465 1213 502 1253 ne
523 1192 626 1253 beatus
636 1192 757 1273 quidem
777 1188 837 1251 est:
859 1192 906 1264 dt,
922 1189 1001 1272 quod
1021 1210 1058 1250 ex
1074 1212 1137 1269 ma-

247 1271 306 1353 jori
328 1293 415 1355 parte
441 1292 675 1355 unamquamque
710 1292 771 1333 rem
796 1272 935 1352 appellari
958 1268 1137 1353 [pedarique

247 1355 371 1429 dicunt,
384 1352 426 1415 est
448 1356 497 1414 ubi
515 1357 544 1415 id
561 1354 615 1427 isto
632 1353 725 1415 modo
741 1352 847 1415 valeat.
860 1351 937 1415 Cum
952 1354 1025 1414 verb
1046 1371 1058 1410 1
1080 1354 1136 1413 tria

248 1454 356 1516 genera
379 1436 521 1497 malorum
541 1456 605 1499 esse
631 1436 753 1497 dicant:
775 1436 824 1515 qui
842 1434 967 1511 duorum
994 1453 1136 1516 generum

248 1518 332 1577 malis
348 1519 484 1578 omnibus
498 1536 653 1599 urgeatur,
671 1537 702 1578 ut
719 1519 817 1579 omnia
834 1512 954 1577 adversa
966 1518 1021 1576 sint
1033 1516 1062 1576 in
1075 1514 1135 1577 for·

200 1663 214 1672 ‚
246 1616 336 1672 tuna,
356 1601 489 1659 omnibus
500 1620 674 1679 oppressum
691 1619 798 1679 corpus
816 1598 848 1661 δι
866 1594 1030 1661 confedium
1045 1598 1134 1660 dolo·

244 1680 341 1751 ribus,
357 1680 424 1741 huic
440 1682 626 1760 paululumne
642 1682 677 1738 ad
689 1681 802 1740 beatem
821 1681 911 1738 vitam
927 1680 1030 1740 deesse
1046 1680 1132 1741 dice-

245 1780 329 1831 mus,
341 1782 409 1836 ,non
431 1763 521 1822 modis
534 1762 572 1821 ad
583 1758 792 1822 beatisfimami
812 1758 879 1821 Hoc
890 1760 961 1819 iilud
972 1758 1033 1833 eii,
1050 1761 1132 1840 quod

244 1838 463 1922 Theophrastus
482 1841 619 1903 sustinere
632 1842 829 1921 nonpotuit:
851 1862 918 1901 nam
933 1843 1001 1900 cirm
1019 1840 1132 1901 statuis·

244 1920 289 1982 set
311 1923 432 2001 ¹verbera
448 1933 615 1993 tormenta,
643 1925 803 1990 cruciatus,
823 1926 920 2001 patriae
938 1925 1129 1993 eversiones,

244 2002 349 2077 exilia,
369 2005 507 2065 orbitates
525 2022 658 2085 magnam
676 2005 738 2063 vim
757 2002 864 2079 hebere
881 2004 918 2063 ad
929 2002 1025 2071 male,
1047 2002 1130 2066 mise·

244 2084 334 2163 reque
348 2085 509 2145 vivendum
522 2108 528 2143 ι
547 2106 606 2144 non
623 2084 666 2146 est
679 2085 760 2144 ausus
772 2082 846 2144 elate
855 2129 868 2156 ,
878 2084 911 2148 δι
922 2083 1018 2165 ample
1031 2084 1130 2167 loqui,

243 2166 497 2236 cummuniter,
526 2164 710 2246 demisseque
731 2163 856 2227 sentiret.
1084 2217 1089 2224 ,

283 2246 338 2305 IX.
360 2244 461 2323 Quem
473 2246 567 2321 bene,
584 2248 792 2329 nou‘quaeritur
803 2266 811 2305 t
824 2242 990 2309 constanter
1007 2248 1128 2331 quidem
1142 2304 1145 2307 ,

237 2326 333 2394 certe.
351 2325 450 2405 ltaque
466 2330 536 2388 mihi
555 2328 670 2408 plucere
689 2349 748 2389 non
761 2326 835 2389 soler
855 2328 1059 2409 consequentia
1079 2334 1128 2391 ie·-

239 2404 443 2490 prehende‘re,
467 2409 532 2467 cirm
552 2411 642 2487 prima
659 2410 848 2469 concesseris.
869 2409 926 2468 Hic
946 2429 1044 2469 aurem
1065 2412 1127 2471 ele·

239 2488 424 2571 gantissinrus
461 2488 869 2570 omnium-philosophorum
901 2490 933 2551 dt
966 2492 1127 2550 eruditissi-

239 2591 323 2640 mus,
343 2589 402 2629 non
421 2589 599 2651 magnopere
617 2570 858 2652 reprehenditur,
872 2570 1003 2630 cirmtria
1019 2592 1126 2652 generp
1196 2616 1209 2635 ,

239 2652 309 2712 dicit
328 2650 494 2725 bonorum;
513 2667 636 2712 vexatur
653 2669 750 2712 autem
765 2652 801 2711 ab
821 2651 978 2725 omnibus-3
1000 2642 1125 2734 primitur

239 2732 269 2791 in
283 2754 320 2793 eo
333 2733 408 2792 libro
422 2778 429 2799 ,
449 2753 537 2815 quem
549 2731 657 2813 scripsit
673 2734 711 2793 de
731 2732 790 2793 rita
802 2733 906 2805 beata,
919 2734 1021 2813 inquo
1031 2732 1123 2801 multa

238 2814 380 2896 disputat,
391 2815 584 2896 quamobrem
598 2816 662 2884 his,
679 2815 729 2895 qui
749 2830 936 2894 torqueatur,
952 2816 999 2893 qui
1016 2817 1125 2874 cruciea

240 2896 419 2983 rur‚xbeatus
433 2894 723 2975 essenonpossit.,1n
739 2916 776 2957 eo
788 2897 873 2955 eriam
886 2912 999 2977 putatur
1013 2895 1124 2967 dicere,

237 2976 267 3034 in
285 2992 379 3037 rotam
397 2976 512 3036 beata'm
533 2980 625 3036 vitam
644 2998 704 3037 non
726 2972 891 3039 ascendere.
913 2976 982 3037 Non
1004 2976 1122 3057 usquam
1148 3036 1151 3040 ,

236 3056 266 3115 id
283 3057 402 3139 quidem
414 3058 482 3117 dicit
493 3060 629 3133 omnino,
648 3056 716 3132 sed,
732 3079 796 3138 quee
810 3059 895 3129 dicit,
915 3059 994 3117 idem
1013 3059 1122 3118 valent.

237 3134 358 3196 Possum
373 3140 480 3220 igitur,
501 3140 547 3199 cui
567 3139 764 3201 concesserim
780 3160 809 3198 m
827 3140 908 3199 m'alrs
925 3159 989 3199 esse
1002 3139 1121 3199 dolores

233 3221 365 3299 torporis
377 3263 387 3292 ,
400 3221 429 3279 in
448 3215 531 3281 malis
543 3218 691 3304 naufragia
707 3218 853 3296 fortunae,
870 3221 937 3282 huic
954 3218 1121 3285 succensere

266 3358 279 3411 3
305 3345 459 3410 Romaion,
488 3348 539 3400 dre.
561 3348 618 3415 Que
637 3347 660 3399 ia
691 3346 748 3413 pose
765 3346 786 3397 ie
808 3321 858 3410 plus
881 3344 1068 3413 grandeprnte.
1104 3353 1106 3356 '

231 3411 323 3475 plupnrt
346 3411 388 3463 des
408 3412 491 3463 choses
520 3413 587 3463 urent
609 3412 659 3463 leur
719 3411 1119 3483 ririageneramatorundempe

231 3476 408 3536 denominatim
417 3478 486 3533 dece
499 3479 539 3544 qui
549 3492 580 3533 er
589 3489 669 3539 cour·x
690 3475 1021 3544 auiuincorpnrisdonune.
1082 3481 1085 3486 '
1109 3500 1114 3509 ·

879 3538 955 3626 ou,
1039 3636 1042 3644 .
