2817 4267
563 392 741 455 Lturtt
781 391 822 454 V.
1069 413 1129 481 339

237 488 371 578 pindus,
399 514 462 560 tum
483 498 608 557 maxime
633 503 757 557 inoenua
780 495 957 568 delectatio,
984 499 1015 562 dc
1043 501 1131 583 digna

241 577 392 662 sapientia.
411 578 471 640 Sed
491 581 552 638 haec
573 581 636 638 otii.
655 547 885 638 'stanteatidcm
903 578 951 638 iste
972 581 1081 661 sapiens
1092 585 1132 646 ad

243 661 457 741 rempublicam
476 661 633 719 tuendam:
655 661 725 737 quid
747 681 784 718 eo
804 679 898 739 possit
919 661 973 720 esse
997 663 1133 742 praessan·

244 744 316 812 tius,
347 762 363 801 2
382 745 450 802 cirm
463 741 616 822 prudentii
632 743 787 799 utilitatem
798 743 906 800 civium
916 763 1031 817 cernat,
1050 743 1133 822 justi·

240 824 284 894 ,tia
295 824 412 882 nihilist
432 822 508 882 suam
526 824 647 882 domum
666 825 734 880 inde
751 824 885 889 derivet,
909 825 1025 903 reliquis
1038 844 1133 886 utatur

243 919 289 972 ,tot
307 925 429 985 tamque
445 905 531 965 variis
551 901 1017 982 uirtutibus?Ad1ungesrucium
1034 909 1134 966 amici·

245 986 350 1064 ¹statum
371 1009 379 1046 :
407 988 437 1043 in
463 1006 522 1067 quo
541 986 558 1045 a
578 983 670 1044 dusiis
689 986 817 1064 positum
838 985 879 1043 est
895 987 960 1043 cirin
981 986 1133 1049 confilium

247 1070 343 1128 omnis
361 1068 448 1137 vitae,
473 1064 677 1135 consentiens,
704 1065 737 1124 ὃ(
759 1065 840 1143 patrie
863 1066 1051 1146 conspirans,
1070 1087 1133 1129 tum

247 1145 357 1208 summa
368 1145 532 1226 jucunditas
546 1146 743 1227 equotidiano
756 1145 832 1204 cultu
845 1165 931 1224 atque
945 1146 1032 1207 visio.
1048 1147 1135 1227 Quid

248 1225 306 1290 hc
320 1229 443 1290 tandem
454 1232 514 1288 vita
523 1228 685 1292 desiderat,
701 1233 763 1306 'quo
776 1232 808 1284 sit
819 1227 1008 1287 beatioricui
1020 1232 1136 1290 resertae

249 1323 311 1380 tot,
331 1309 475 1390 tantisque
488 1309 618 1389 gaudiis,
638 1307 753 1372 fortuna
774 1306 834 1384 ipsa
856 1308 939 1367 cedat
959 1309 1070 1369 necesse
1084 1310 1137 1371 est.

249 1387 343 1469 'Quod
357 1392 382 1450 si
393 1392 519 1471 gaudete
527 1390 630 1448 talibus
645 1388 730 1447 bottis
742 1393 826 1445 an‘nti
837 1433 846 1457 ,
858 1389 887 1446 id
899 1388 958 1462 est,
969 1391 1137 1465 virtutibus,

251 1469 367 1539 beatum
380 1469 433 1540 est,
443 1472 602 1550 omnesque
612 1469 753 1548 sapientes
764 1471 797 1527 iis
812 1470 921 1549 gaudiis
936 1469 1137 1549 perfruuntur:

252 1571 356 1614 omnes
373 1573 427 1612 eos
446 1550 580 1613 confiteri
595 1552 697 1609 beatos·
717 1548 773 1608 esse
792 1548 905 1608 necesse
925 1551 976 1610 est.

288 1631 408 1693 xxv1.
423 1638 464 1694 A.
483 1631 616 1692 Etiamne
635 1633 664 1689 in
683 1633 828 1702 cruciatu,
854 1653 942 1711 atque
962 1636 1138 1699 tormentis?

251 1710 295 1784 Μ.
313 1714 364 1774 An
384 1731 416 1774 tu
435 1716 531 1773 mein
555 1713 634 1771 viola
656 1713 798 1790 putabas,
819 1731 867 1771 aut
888 1716 917 1772 in
934 1712 996 1774 rosa
1019 1717 1139 1779 dicere?

250 1815 285 1856 au
298 1793 448 1875 Epicuro,
468 1795 517 1874 qui
537 1797 741 1852 tantummodo
759 1795 854 1851 induit
876 1815 888 1852 1
910 1792 1061 1874 personam
1075 1800 1140 1879 phi·

249 1875 316 1936 loso
358 1879 383 1948 i,
403 1876 436 1936 &
448 1875 501 1934 sibi
512 1874 571 1954 ipse
582 1875 638 1933 hoc
656 1895 764 1934 nomen
782 1874 940 1954 inscripsit,
959 1877 1055 1937 dicere
1072 1881 1140 1940 lice.

248 1954 295 2017 bit
329 1958 412 2036 quod
424 1955 559 2035 quidem,
573 1976 602 2013 ut
615 1956 699 2014 habet
711 1955 738 2014 se
752 1978 816 2026 res,
832 1977 880 2014 me
893 1975 989 2016 tamen
1000 1960 1140 2038 plauden-

247 2039 281 2102 'te
321 2036 394 2117 icit)
421 2037 532 2096 nullum
550 2035 668 2116 sapienti
694 2035 750 2095 esse
774 2057 909 2113 tempus,
939 2040 993 2097 etsi
1020 2060 1139 2117 uratur,

248 2117 440 2199 torqueatur,
458 2116 586 2185 secetur,
600 2120 669 2196 quin
688 2115 773 2195 poffit
787 2117 967 2189 exclamare,
981 2122 1073 2199 Qutim
1088 2145 1140 2203 pto

248 2201 342 2260 nihilo
355 2200 452 2278 puro!
470 2200 536 2258 turn
556 2199 712 2278 praesertim
735 2218 823 2256 omne
848 2200 954 2258 malum
972 2201 1076 2262 dolore
1090 2204 1141 2263 de·

246 2277 352 2350 finiat,
373 2278 485 2338 bonum
504 2279 667 2357 voiuptate:
689 2281 750 2336 haec
772 2277 868 2337 nostra
891 2279 1027 2350 honesta,
1046 2287 1141 2364 turpia

245 2359 388 2436 ¹irrideat,
404 2361 538 2439 dicatque
561 2380 633 2430 nos,
656 2361 686 2415 in
704 2359 827 2419 vocibus
848 2367 1141 2439 occupatos,inanes

247 2441 344 2504 sonos
374 2440 512 2514 sundere,
533 2459 628 2518 neque
655 2439 815 2518 quidquam
838 2442 944 2500 aditos
972 2447 1141 2522 pertinere,

247 2525 308 2598 pisi
354 2521 414 2580 uod
432 2541 481 2581 aut
507 2522 601 2590 laeve,
623 2539 671 2578 aut
690 2518 822 2596 asperum
840 2523 1009 2599 incorpore
1033 2525 1140 2587 sentia-

247 2619 307 2678 tur.
355 2603 401 2662 uic
413 2619 506 2683 ergo,
522 2620 553 2660 ut
565 2601 643 2670 dixi,
659 2621 718 2660 non
732 2601 856 2660 multum
878 2600 1051 2662 differentia
1066 2606 1141 2684 aju-

248 2685 333 2748 dicio
352 2681 498 2753 serarum,
521 2678 654 2740 oblivisci
671 2682 769 2739 licebit
786 2679 847 2738 stri?
871 2683 902 2740 &
920 2703 980 2742 rum
995 2684 1141 2749 fortunam

237 2782 465 2835 'oontemnere,
475 2765 542 2823 citm
557 2765 594 2822 sit
604 2782 693 2821 omne
704 2764 736 2822 δι
751 2763 861 2820 bonum
873 2761 955 2836 ejus,
977 2765 1008 2822 dc
1031 2769 1141 2829 malum

251 2847 284 2922 itt
302 2843 446 2930 potestate
462 2844 585 2908 sortunae
597 2864 604 2900 ε
617 2862 679 2900 tum
703 2843 821 2910 dicere,
842 2841 869 2899 se
884 2843 1001 2903 beatum
1017 2846 1046 2904 in
1063 2848 1143 2907 sum-

251 2947 306 2990 mo
325 2926 475 2997 cruciatu,
493 2944 580 3004 atque
604 2924 778 2992 tormentis,
800 2924 873 2982 cum.
884 2923 1062 2988 constituerit
1081 2952 1142 2990 nott

252 3007 350 3074 modo
370 3005 515 3066 summum
539 3005 647 3063 malum
669 3000 725 3063 esse
744 3003 896 3075 dolorem,
925 3004 974 3064 sed
995 3010 1081 3068 etiam
1099 3010 1144 3071 so·

253 3088 341 3152 lum?
361 3086 428 3148 Nec
444 3087 518 3146 vero
535 3085 584 3145 illa
599 3085 654 3143 sibi
673 3087 800 3144 remedia
816 3088 995 3164 comparavit
1013 3090 1050 3148 ad
1069 3091 1144 3151 tole·

254 3170 382 3244 randum
406 3166 561 3240 dolorem,
583 3163 750 3226 firmitatem
770 3167 885 3238 animi,
914 3187 930 3249 3
960 3173 1145 3251 turpitudinis

288 3274 376 3326 μὴ
380 3269 518 3338 prudentias,
530 3270 575 3317 &c
589 3266 684 3332 s'ursque
751 3282 768 3316 2
782 3273 803 3313 A
815 3266 904 3326 iudicio
914 3271 1030 3335 sitarum.
1048 3273 1086 3327 De
1096 3277 1146 3328 ΙΊΙ.

253 3352 297 3406 pat
317 3339 341 3389 sa
357 3337 478 3402 prudente
490 3332 503 3382 ¹1
524 3333 574 3384 voit
588 3347 617 3384 ce
628 3332 687 3399 qu'il
720 3331 782 3385 ssind
799 3332 840 3382 des
856 3330 932 3400 beret,

256 3417 304 3472 γε
324 3401 403 3454 d'utiie
420 3413 465 3449 aux
481 3398 606 3462 Ciroyens.
754 3409 767 3460 3
790 3395 952 3461 Turpitrrdr‘nir
976 3407 1146 3466 verecundiam.

291 3481 304 3520 t
334 3466 462 3531 Personam
505 3461 631 3529 rilofiipti.
654 3460 687 3517 Le
722 3459 753 3514 La
766 3462 853 3518 crainte
867 3461 901 3519 du
916 3464 1075 3524 desbomcur.

258 3533 354 3604 mique
373 3532 429 3588 d’ur
442 3482 592 3597 susurre.
