2817 4267
516 406 696 466 Lrucrt
736 402 778 463 V.
1022 424 1076 485 311

193 519 289 584 bulae
316 509 499 576 traduxisset.
521 513 550 571 A
572 510 675 591 quibus
697 506 772 567 dudi
793 505 932 584 deinceps
954 529 1084 585 omnes,

193 610 217 665 ti
243 606 284 661 in
318 616 421 658 rerum
438 592 695 671 'contemplatione
722 588 812 649 studia
841 589 1006 669 ponebant,
1037 591 1083 652 sa.

198 702 299 746 entes
312 682 348 741 &
360 676 540 737 habebantur
552 719 561 744 ,
575 674 607 734 dt
620 671 842 731 nominabantur
858 689 865 728 t
881 671 969 749 idque
982 693 1086 735 eorum

193 785 299 827 omen
315 759 464 843 usquead
482 755 653 836 Pythagorae
673 755 803 812 manavit
822 767 955 812 aetatem:
978 776 1086 835 quem,

193 869 206 909 t
218 843 338 906 scribit
354 841 470 900 auditor
486 837 611 897 Platonis
623 834 758 895 Ponticus
772 833 963 904 Heraclides,
974 839 1020 894 vir
1031 839 1086 899 do·

193 937 241 991 lus
263 929 298 987 in
315 923 437 1006 primis,
450 919 615 981 Phliuntem
628 914 726 976 serunt
737 911 864 989 venill'e,
879 935 1004 996 eumque
1020 941 1088 980 cum

193 1028 309 1073 .eonte
318 1006 453 1087 principe
465 1001 654 1062 Phliasiorum
666 997 750 1059 dode
761 997 924 1078 &copiose
934 998 1088 1061 differuille

193 1090 358 1176 quaedam:
381 1084 462 1162 cujus
484 1084 654 1164 ingenium,
675 1081 925 1160 &eloquentiam
948 1082 1015 1140 chnt
1037 1082 1090 1142 ad·

193 1177 318 1234 nirarus
336 1164 405 1227 esset
421 1166 519 1236 Leon,
539 1160 699 1244 quaesivisse
715 1182 752 1220 ex
774 1181 811 1219 eo
823 1182 879 1242 qua
892 1161 1016 1221 maxime
1028 1182 1090 1225 arte

193 1251 367 1316 :onfideret
388 1272 395 1308 :
418 1267 446 1306 at
468 1248 568 1317 illurn,
586 1262 679 1303 artem
701 1242 821 1323 quidem
833 1241 860 1300 se
879 1237 948 1301 scire
964 1243 1091 1315 nullam,

193 1337 244 1397 led
272 1328 543 1411 esseplrilosoplmm
557 1350 565 1385 .·
580 1325 752 1385 admiratum
768 1322 910 1381 Leontem
928 1328 1092 1385 novitatem

193 1416 351 1483 nominis,
372 1408 501 1493 quaesille
516 1412 631 1489 quinam
653 1404 743 1465 essent
762 1403 947 1484 philosophi,
972 1407 1002 1467 δι
1022 1407 1094 1488 quid

193 1502 276 1560 inter
297 1514 375 1566 eos,
392 1493 425 1554 δι
443 1493 593 1570 reliquos,
607 1484 768 1547 intereffet:
790 1485 983 1566 Pythagoram
996 1509 1094 1549 autem

198 1572 403 1660 respondille,
419 1571 513 1632 simile
534 1571 586 1630 sibi
606 1570 700 1628 videri
714 1570 801 1628 vitam
817 1569 987 1638 hominum,
1019 1570 1050 1631 dt
1077 1590 1091 1632 ι

203 1675 368 1722 mercatum
384 1674 472 1723 eum,
496 1652 545 1732 qui
562 1651 718 1711 haberetur
738 1650 865 1709 maximo
884 1649 1021 1710 ludorum
1043 1673 1094 1732 ap·

205 1759 327 1824 paratu,
349 1738 439 1797 totius
460 1732 584 1795 Graeciae
611 1732 791 1792 celebritate.
821 1729 898 1789 Nam
919 1749 950 1790 ur
969 1733 1026 1792 illic
1048 1735 1097 1794 alii

207 1819 381 1901 corporibus
392 1817 555 1878 exercitatis
574 1813 718 1896 gloriam,
739 1812 963 1878 &nobilitatem
979 1835 1098 1874 coronae

210 1919 347 1986 peterent
355 1922 367 1976 3
378 1899 425 1960 alii
435 1896 574 1967 emendi,
595 1914 643 1954 aut
659 1893 808 1955 vendendi
821 1892 947 1973 quaellu,
967 1895 998 1954 &
1014 1895 1099 1956 lucro

213 1987 407 2056 ducerentur3
430 1979 498 2042 eliet
513 1996 610 2038 autent
627 1976 778 2057 quoddam
796 1994 886 2055 genus
903 1994 1027 2046 eorum,
1050 1976 1099 2035 id.

214 2087 270 2150 que
288 2066 337 2126 vel
348 2064 471 2124 maxime
489 2065 665 2140 ingenuum,
687 2057 737 2137 qui
750 2075 804 2115 nec
821 2052 969 2135 plausum,
982 2076 1036 2116 nec
1054 2055 1101 2116 lu·

216 2169 295 2210 crurn
310 2162 492 2230 quaererent,
509 2142 557 2201 led
571 2138 684 2199 visendi
697 2136 781 2196 causa
791 2138 944 2210 venirent,
962 2136 1102 2199 studioss-¹

219 2247 271 2312 que
301 2227 523 2309 perspicerent,
548 2220 617 2303 quid
646 2238 806 2301 ageretur,
834 2218 866 2279 δι
898 2239 957 2298 quo
985 2222 1100 2282 modo:

219 2310 287 2372 item
298 2331 354 2370 nos
372 2309 453 2392 quasi
471 2310 499 2367 in
512 2301 655 2364 mercatis
671 2300 825 2382 quamdam
843 2300 1044 2365 celebritatem
1063 2323 1102 2364 ex

222 2392 288 2455 urbe
310 2391 429 2472 aliquai,
450 2390 491 2450 sic
504 2388 533 2447 in
546 2386 618 2444 hanc
633 2386 721 2444 vitam
744 2402 779 2442 ex
795 2381 850 2441 alia
872 2384 933 2442 vitai
951 2386 981 2445 ὅ(
1001 2387 1102 2447 naturai

223 2472 386 2556 profectos:
407 2472 480 2534 alios
499 2490 516 2529 2
531 2468 631 2549 gloriae
647 2464 775 2535 servire,
797 2464 869 2523 alios
887 2468 1038 2544 pecuniae:
1056 2490 1103 2526 ra·

199 2609 201 2614 .
224 2576 267 2617 ros
287 2553 344 2617 effe
359 2553 519 2636 quosdam,
537 2553 587 2630 qui
607 2548 717 2605 caereris
730 2543 865 2603 omnibus
879 2566 933 2624 pro
950 2546 1039 2607 nihilo
1053 2548 1104 2607 ha·

194 2633 305 2709 ibitis,
324 2655 421 2696 rerum
439 2650 568 2693 naturam
586 2627 714 2686 studiose
733 2627 931 2684 intuerentur:
948 2627 999 2685 hos
1014 2626 1043 2686 se
1055 2650 1105 2708 ap·

193 2715 330 2800 ‘e'pellare
352 2715 496 2798 sapientia
519 2706 681 2779 studiosos,
702 2706 734 2765 id
756 2704 797 2766 est
815 2705 893 2764 enim
906 2707 1106 2787 philosophos:

228 2801 309 2862 &ut
326 2798 385 2860 illic
409 2792 633 2857 liberalissimum
655 2785 724 2848 ellet
742 2784 887 2867 spectare,
913 2807 927 2867 3
959 2789 1029 2848 nihil
1051 2791 1106 2850 sibi

228 2883 419 2965 acquirentem
428 2900 439 2952 ;
455 2878 496 2937 sic
510 2878 540 2935 in
557 2874 616 2932 vita
627 2871 714 2950 longe
725 2869 861 2929 omnibus
871 2866 967 2929 studiis
977 2888 1108 2933 contem·

229 2964 385 3044 piationem
398 2980 516 3031 rerum,
541 2954 798 3034 cognitionemque
816 2947 959 3028 praestare.

234 3055 236 3062 '
263 3043 320 3107 lv,
348 3041 414 3102 Nec
432 3041 506 3100 verb
527 3034 709 3116 Pythagoras
733 3031 857 3091 nominis
885 3029 978 3090 solum
1006 3033 1110 3093 inven-

230 3137 291 3200 lot,
314 3124 365 3185 sed
388 3141 483 3182 rerum
506 3120 593 3178 etiam
612 3112 733 3195 ipsarum
753 3109 944 3192 amplificator
964 3111 1026 3173 fuit.
1045 3115 1111 3193 Qui

211 3223 214 3230 ’
231 3207 296 3268 'chrn
316 3201 385 3289 poll
401 3205 477 3265 hunc
499 3196 653 3261 Phliasium
669 3194 834 3256 sermonem
851 3194 880 3251 in
895 3191 1006 3253 Italiam
1018 3194 1113 3255 venis·

264 3342 656 3403 lMercatunrcrrrrt,&c.l.’all'rnr·
723 3336 840 3387 2Gloriae
851 3336 949 3402 servire.
965 3337 1116 3393 Rechercher

233 3413 285 3476 blec
303 3415 341 3483 qai
353 3414 375 3465 se
387 3412 444 3466 cient
461 3424 521 3462 avec
532 3409 603 3475 grand
615 3422 658 3473 ap·
690 3403 712 3456 la
733 3403 816 3468 gloire.

234 3480 305 3548 pasch
324 3492 384 3546 pour
400 3477 433 3529 les
452 3473 527 3539 ient,
546 3475 572 3527 dt
585 3474 619 3528 oh
637 3474 660 3527 le
727 3466 823 3533 3N1lil
833 3466 874 3527 fili
889 3468 1120 3535 acquirentemsans

215 3569 217 3576 ·
236 3547 292 3600 read
305 3556 372 3600 toute
389 3543 412 3599 la
430 3539 521 3598 Grice.
693 3547 784 3589 aucune
795 3532 982 3590 treintercnee.
