2817 4267
250 413 292 483 92
411 339 564 463 Ι-ΙΜ
604 397 912 476 oraretis:

252 527 308 568 nos
328 503 385 568 hoc
403 503 580 567 liberalitatis
615 526 703 568 ruere
718 509 748 568 in
764 507 838 569 urbe
852 505 951 568 uollra
969 523 1030 568 nou
1043 513 1145 592 egere}
1155 517 1170 588 j!

252 587 303 652 Est
326 603 422 648 autem
445 590 532 648 eriam
560 610 579 648 v
619 607 750 650 ementes
771 589 843 650 utile
865 590 924 661 iis,
945 589 1000 670 qui
1022 587 1142 660 honeste
1164 597 1170 632 ³

251 667 333 752 polle
350 670 474 730 multum
487 670 608 745 volunt,
624 690 676 752 per
697 670 826 752 hospites
837 671 918 751 apud
935 685 1077 731 externos
1089 673 1170 750 poa]

251 750 338 892 pulos
362 751 460 812 valere
485 752 591 832 opibus
610 751 643 812 δι
659 752 759 834 gratis
777 749 1007 834 Tbeopltrasius'
1023 751 1141 834 quidem
1164 763 1170 800 i

265 831 367 905 cribit,
403 830 563 894 Cimonem
588 832 713 894 Athenis
735 835 823 894 etiam
841 833 862 896 6
880 833 911 894 iu
934 831 1005 894 suos
1016 833 1143 894 'curiales
1158 831 1170 882 ·=!

253 911 391 974 Laciadas
422 912 595 994 hospitalem
622 912 723 990 suiil'e3
751 917 791 976 ita
814 915 894 976 euim
914 911 1086 987 instituisse,
1113 915 1170 978 dii

252 993 357 1055 villicis
375 993 559 1076 imperavisse
571 1011 603 1056 ut
615 998 714 1057 omnia
729 996 947 1078 praeberentur,
964 997 1143 1078 quicumque
1164 1009 1170 1046 ¹-

252 1073 393 1137 Laciades
412 1080 442 1137 in
462 1075 561 1139 villam
580 1076 658 1139 suam
679 1075 855 1140 devertisset.
1129 1105 1132 1110 ·
1166 1093 1170 1126 ³

294 1155 377 1219 xlx.
395 1156 474 1238 Quae
495 1175 594 1218 autem
621 1157 735 1241 operi,
757 1178 817 1220 non
838 1157 1017 1242 largitione,
1049 1155 1140 1220 bene·
1168 1201 1170 1206 -

253 1235 324 1302 ficis
343 1240 468 1315 dantur,
494 1239 556 1300 haec
576 1257 639 1301 turn
662 1242 692 1302 in
712 1237 876 1302 universam
905 1238 1141 1321 rempublicam,

253 1336 316 1382 tum
327 1322 355 1384 in
368 1324 410 1383 sin
432 1322 496 1384 ulos
510 1322 591 1382 cives
607 1319 813 1383 conseruntur:
829 1341 899 1382 nam
914 1339 927 1382 r
943 1320 1051 1400 injure
1061 1335 1143 1382 cave·

254 1421 306 1475 re,
335 1342 459 1466 consilio
477 1401 600 1483 ¹juvare,
623 1420 710 1485 atque
730 1405 787 1463 hoc
803 1401 930 1466 scientia
950 1421 1060 1484 genere
1076 1421 1143 1484 pro·

254 1481 334 1545 delle
353 1486 605 1567 quamplurimis,
629 1485 821 1547 vehementer
842 1485 874 1546 δι
891 1483 930 1544 cd
948 1503 1024 1564 opes
1033 1501 1144 1564 augeo·

255 1565 306 1624 das
321 1568 469 1645 pertinet,
492 1566 525 1628 ἃ
539 1566 575 1625 ad
588 1568 719 1648 gratiam.
734 1563 836 1647 Itaque
847 1584 939 1647 quum
956 1561 1049 1624 multa
1068 1585 1145 1646 prae·
1167 1565 1170 1574 ’

254 1646 331 1705 clara
350 1645 491 1725 majorum
502 1663 592 1720 ,tum
608 1646 688 1728 qubd
704 1646 817 1726 optime
832 1643 982 1707 constituti
1002 1642 1074 1723 juris
1101 1647 1145 1706 ci·

255 1727 323 1787 vilis
352 1726 464 1789 summo
489 1726 603 1807 semper
629 1728 791 1788 inhonore
817 1724 873 1787 suit
900 1727 1035 1808 cognitio
1058 1743 1144 1810 atque

254 1807 478 1889 interpretatio;
501 1829 587 1890 quam
598 1808 716 1904 quidem
732 1830 749 1870 2
767 1824 834 1869 ante
852 1809 925 1869 hanc
938 1805 1154 1870 confusionem

254 1907 424 1972 temporum
445 1892 476 1951 in
496 1889 676 1972 posiessrone
698 1888 746 1951 sua
773 1891 919 1971 principes
938 1890 1145 1966 retinuerunt3

245 1991 332 2033 nunc
347 1990 377 2034 ut
394 1973 542 2043 honores,
553 1989 585 2032 ut
599 1989 702 2032 ornnes
717 1971 749 2031 di
770 1973 866 2051 nitatis¹
881 1969 1011 2051 gradus,
1036 1971 1078 2030 sic
1090 1971 1146 2034 hu·

256 2052 302 2134 jus
315 2051 439 2116 scientiae
451 2052 587 2136 splendor
604 2051 717 2113 deletus
730 1990 790 2127 θῇς
808 2052 896 2133 idque
915 2053 954 2112 eb
973 2051 1147 2133 indignius,
1165 2105 1170 2110 .

257 2135 338 2216 qubd
361 2155 398 2197 eo
421 2152 556 2215 tempore
572 2134 629 2194 hoc
647 2134 768 2215 contigit
788 2153 803 2216 3
826 2153 916 2215 quum
935 2135 960 2191 is
981 2131 1073 2207 effer,
1093 2133 1144 2216 qui

256 2235 361 2277 omnes
380 2215 563 2294 superiores,
578 2215 682 2297 quihus
702 2213 816 2277 honore
837 2234 888 2296 par
908 2211 999 2285 silet,
1026 2212 1144 2275 scientis

255 2294 340 2357 facile
360 2294 481 2355 vicisset.
504 2295 575 2355 Haec
596 2298 681 2375 igitur
697 2314 808 2375 opera,
836 2311 915 2377 grata
933 2294 1035 2355 multis
1054 2295 1087 2359 δι
1105 2294 1143 2358 ad

254 2372 406 2440 beneficiis
423 2375 645 2457 obstringendos
665 2375 797 2437 homines
809 2375 1044 2438 accommodata.

298 2456 348 2519 66.
366 2457 470 2539 Atque
487 2456 553 2517 huic
571 2459 624 2516 arti
640 2455 764 2517 finitima
780 2456 821 2519 est
833 2458 948 2518 dicendi
967 2456 1143 2538 gravioria&

255 2538 366 2611 cultas,
389 2539 421 2600 δι
434 2539 566 2622 gratior,
588 2539 620 2600 δι
638 2542 777 2599 ornatior.
790 2536 874 2617 Quid
883 2542 959 2599 enim
972 2538 1140 2621 eloquentis

255 2619 462 2704 prestabilius,
480 2621 530 2681 vel
547 2620 736 2680 admiratione
754 2621 950 2694 audientium,
969 2620 1020 2681 vel
1037 2620 1087 2703 spe
1099 2622 1142 2682 iu·

256 2704 436 2786 digentium,
454 2703 503 2765 vel
517 2722 637 2771 eornm,
656 2703 707 2782 ¹qui
727 2700 838 2762 defensi
852 2700 930 2776 sunt,
943 2702 1053 2784 gratiis
1075 2703 1141 2764 huic

255 2805 376 2870 quoque
400 2806 470 2868 ergo
489 2807 506 2847 a
525 2781 682 2864 majoribus
702 2781 807 2844 nostris
828 2782 869 2845 est
892 2804 912 2859 4
932 2785 963 2844 in
984 2802 1055 2866 toga
1075 2784 1142 2867 digq

288 2888 415 2953 ⁶1sfiros
437 2887 537 2936 curiales
554 2886 682 2937 Laciadas.
747 2886 1158 2951 2Arrrclienccorrfirfiorrcrrrterit·¹

254 2952 282 3005 ln
293 2966 336 3004 eos
347 2951 387 3018 qui
402 2952 471 3004 client
489 2965 504 3001 c
522 2966 584 3017 pago
597 2948 681 3012 Latia,
711 2968 804 3018 porum.
814 2951 862 3004 Sub
871 2950 892 3005 J·
903 2951 1009 3015 Celare,
1032 2953 1072 3020 qui
1084 2954 1142 3006 sum·

255 3016 521 3082 exquoersrcinon,
542 3030 570 3068 ac
584 3014 682 3080 proinde
715 3031 775 3067 man
801 3016 824 3067 in
853 3016 972 3082 republica
1001 3017 1141 3085 potestatem

255 3081 362 3140 Cimonis
388 3080 514 3135 currales,
552 3084 599 3134 hoc
628 3079 680 3143 est,
716 3080 762 3133 sibi
773 3093 933 3147 arrogaverat.

253 3146 357 3215 eiusdem
375 3147 454 3222 curie.
747 3158 760 3210 3
782 3146 859 3214 Quum
874 3151 896 3196 is
912 3145 973 3213 affer.
982 3145 1076 3266 Nempe
1089 3147 1142 3201 Ser·

292 3228 302 3263 a
325 3212 354 3262 In
369 3229 422 3276 pure
436 3229 526 3264 carcre.
554 3212 629 3281 Quod
647 3213 680 3265 eii
713 3210 766 3262 vius
783 3211 899 3278 Sulpicius
914 3213 1026 3264 Ciceroni
1054 3213 1140 3265 amilia-

253 3277 355 3331 hominis
374 3277 450 3344 legunt
475 3279 501 3331 dc
520 3277 574 3342 iuris
595 3279 680 3345 periti,
713 3276 757 3332 ris.
774 3276 804 3330 de
820 3291 868 3346 quo
879 3279 902 3328 in
912 3277 1021 3331 oratioue
1033 3292 1077 3346 pro
1087 3277 1142 3331 idu-

256 3345 295 3410 qui
306 3341 433 3395 consultori
447 3343 586 3406 irroraret,
611 3345 681 3409 eique
712 3355 782 3393 rena.

255 3408 381 3475 prescribit
397 3409 510 3462 rationem
523 3410 547 3459 ἃ
559 3408 681 3462 formulam
745 3423 763 3469 4
781 3405 811 3457 Iu
829 3422 892 3475 toga.
906 3407 934 3460 ln
945 3406 1143 3468 administratione

255 3472 290 3524 rei
300 3472 463 3595 pipicupque
473 3474 600 3531 securium
615 3474 682 3545 leges
713 3486 790 3528 rerum
809 3473 958 3529 urbanum.

256 3549 304 3593 (οΕ
323 3550 337 3592 d
355 3553 383 3594 eil
400 3554 431 3599 20
