2817 4267
369 385 554 464 Luna-n
594 403 892 454 recurramus.¹
1033 409 1085 475 φρ

238 490 287 555 itae
303 490 372 575 ipsa
392 512 404 552 ι
421 494 536 555 limatur
554 495 585 554 in
597 493 979 578 disputationessubtilitam
1001 497 1077 574 alia,

238 594 269 636 ut
288 576 328 638 ad
347 578 524 658 opinionem
534 596 731 653 ¹communem
749 581 845 640 omnir
866 579 1076 642 accommoda·

244 661 358 720 oratio.
402 655 635 738 Quamobrem,
668 660 847 743 utvulgua,
885 663 924 721 itu
942 682 998 724 nos
1016 660 1076 722 hoc

237 740 427 822 rloquimur,
443 757 475 800 ut
484 740 557 802 alios
570 738 682 815 fortes,
696 742 770 802 alios
781 743 877 804 bonor
889 746 986 815 viros,
999 744 1075 802 aiios

237 821 338 884 dentes
356 822 506 884 dieamus:
519 822 706 903 popularibus
720 825 798 884 enim
815 823 914 883 verbis
931 824 972 885 est
986 844 1074 905 agen·

237 921 270 975 u.
296 905 334 966 δι
358 904 490 975 utitatis,
514 923 606 986 quum
625 903 780 985 loquamur
804 904 841 965 de
858 907 1000 985 opinione
1020 927 1073 986 po·

237 986 286 1056 ai,
310 986 411 1067 idque
431 986 540 1047 eodem
564 986 656 1047 modo
677 984 747 1047 fecit
777 986 929 1048 Panaetius.
953 985 1013 1050 Sed
1034 986 1073 1049 ad
1157 1019 1160 1028 .

237 1068 369 1146 posituro
388 1086 583 1128 revertamur.

238 1148 268 1209 6.
287 1146 360 1209 Erat
382 1150 470 1231 igitur
487 1167 525 1210 ex
542 1149 665 1219 tribus‚.
681 1169 746 1231 quae
766 1148 803 1209 ad
830 1148 954 1230 gloriam
980 1150 1072 1232 perti·

237 1246 266 1300 t,
295 1232 356 1291 hoe
374 1232 518 1304 tertium,
542 1249 575 1292 ut
591 1251 658 1290 cum
685 1229 875 1291 admiratione
896 1232 1065 1303 hominurn,

239 1331 292 1372 ote
318 1314 356 1376 ab
384 1314 420 1371 iis
440 1312 521 1394 digni
548 1311 753 1390 judicaremur.
776 1311 968 1372 Admirantur
986 1313 1073 1392 igitur

237 1395 377 1458 tmuuiter
390 1394 432 1454 iui
449 1394 570 1475 quidem
589 1396 686 1454 omnia
705 1413 770 1475 qute
791 1412 916 1475 magna,
936 1394 968 1454 δι
994 1413 1073 1474 pra-

256 1477 433 1558 opinionem
456 1476 543 1537 'suam
582 1476 879 1549 animadverterunt;
918 1474 1071 1555 separatim

237 1574 276 1618 em
295 1559 327 1618 in
347 1558 468 1639 singulis
488 1562 510 1619 si
531 1555 703 1639 perspiciunt
722 1576 777 1617 nec
798 1559 916 1637 opinata
936 1556 1071 1639 quaedam

238 1658 264 1699 a.
280 1636 388 1721 ltaque
399 1660 451 1700 eos
464 1640 545 1701 viror
561 1636 733 1719 suspiciunt,
744 1636 931 1721 maximisque
945 1637 1071 1702 efferunt

237 1718 310 1782 libus
327 1723 358 1781 in
377 1722 482 1803 quibua
505 1719 666 1782 existimant
688 1719 717 1780 se
742 1721 916 1781 excellenter
931 1720 1070 1803 quasdam

237 1801 392 1883 singulares
415 1804 538 1864 virtutes
564 1800 748 1883 perspicere3
782 1801 942 1882 despiciunt
969 1821 1070 1864 autem

241 1928 251 1959 ‚
275 1884 310 1947 δι
334 1901 547 1954 contemnunt,
572 1883 725 1967 inquibus
749 1882 821 1942 nihil
840 1883 973 1955 virtutis,
997 1882 1070 1943 nihii

237 1967 286 2037 ni,
308 1965 411 2025 anihil
423 1985 581 2027 nervorum
595 1984 715 2045 putant:
733 1984 793 2025 non
810 1964 889 2024 enim
900 1982 1003 2041 omnes
1014 1983 1069 2024 eoa

237 2058 391 2123 temnunt,
414 2048 452 2118 de
476 2047 580 2129 quibua
607 2047 683 2108 male
701 2044 886 2110 existimant:
906 2064 972 2104 nam
993 2064 1069 2124 quoa

240 2128 347 2202 robor,
367 2128 544 2201 mendicos,
567 2127 766 2189 fraudulentos
788 2142 908 2206 putant,
928 2126 961 2188 &
973 2124 1009 2187 ad
1027 2124 1076 2186 fa·-

237 2212 308 2271 tdam
327 2208 463 2290 injuriam
475 2208 645 2283 instruimur,
666 2229 718 2270 eos
735 2224 927 2270 contemnunt
948 2205 1069 2292 quidem

237 2294 366 2374 tiquam,
390 2290 441 2353 sed
462 2292 499 2354 de
513 2293 558 2351 his
575 2291 651 2351 male
665 2288 840 2351 existimant.
860 2288 1067 2371 Quamobrem

245 2391 309 2434 ante
320 2373 383 2433 dixi
398 2371 411 2452 )
430 2390 656 2435 contemnuntur
674 2375 715 2444 ii,
737 2393 751 2455 3
773 2374 822 2454 qui
840 2393 895 2435 uec
918 2375 992 2449 sibi,
1009 2396 1066 2438 nec

237 2458 271 2527 ri,
284 2474 316 2516 ut
330 2455 456 2528 diuitum
476 2456 506 2516 in
525 2454 630 2536 quibua
643 2452 739 2515 nullus
754 2453 855 2529 labor,
875 2456 953 2540 nulla
971 2458 1067 2519 indus·

239 2582 249 2608 ,
271 2537 353 2598 nulia
373 2558 442 2597 cura
464 2535 515 2596 est.
945 2589 948 2594 .

237 2641 262 2697 7.
276 2641 298 2695 4
319 2618 527 2682 Admiratione
547 2633 644 2679 autem
660 2614 822 2680 afficiuntur
832 2617 871 2690 ii,
888 2618 941 2700 qui
956 2620 1068 2682 anteire

237 2722 287 2762 ros
316 2702 428 2760 virtute
448 2716 602 2779 putantur,
626 2700 769 2778 &quum
790 2701 871 2759 omni
892 2719 991 2760 carere
1013 2701 1067 2761 de·

237 2804 301 2853 rte,
323 2801 386 2842 tum
400 2784 473 2842 vero
486 2783 521 2842 iia
529 2782 607 2841 vitiis
614 2794 627 2851 ·,
639 2781 802 2861 quibusalii
820 2799 881 2839 non
900 2778 983 2840 facile
999 2779 1067 2862 pos·

252 2863 408 2925 obsistere.
433 2864 510 2924 Nam
531 2864 562 2925 ἃ
581 2863 769 2943 voluptates,
792 2860 987 2924 blandissime
1007 2863 1066 2926 dui·

237 2969 276 3022 e,
292 2944 423 3024 majores
440 2955 536 3026 partes·
556 2945 642 3004 animi
657 2966 673 3003 a
687 2946 794 3006 virtuto
811 2943 1005 3026 detorquent3
1029 2946 1064 3009 dt
1101 2969 1104 2975 ’

237 3049 310 3088 uum
338 3048 429 3109 quum
455 3028 651 3087 admoventur
672 3025 774 3101 facus,
805 3044 910 3106 praeter
940 3029 1065 3092 modum

237 3113 304 3193 ique
324 3128 532 3171 exterrentutr
553 3109 613 3169 vita
623 3150 634 3180 ,
659 3129 771 3182 mors„
785 3108 916 3182 divitiae,
941 3131 1066 3192 pauper·

237 3213 353 3264 Limarur.
382 3213 420 3263 Ab
447 3212 527 3265 alienis
545 3214 600 3277 qui-
634 3211 963 3280 Supple‚prodefflpoffunr;
984 3215 1008 3264 &
1026 3213 1062 3266 dc

240 3295 262 3329 e.
275 3276 419 3344 exspoliatur
439 3310 446 3335 .
473 3277 600 3330 studiosius
631 3276 682 3328 feri
698 3278 813 3329 sententie
830 3276 988 3343 proverbiales
1004 3278 1062 3329 eise·

238 3345 303 3394 titur.
633 3354 725 3404 mutui,
742 3356 794 3395 uta
813 3343 1062 3410 primoverbonotar.
1103 3368 1106 3371 ⁴

237 3408 312 3476 ΝὶΙιίζ
324 3424 456 3462 nervorum.
475 3408 536 3460 Nini!
557 3423 598 3461 ro·
664 3427 681 3471 4
698 3410 892 3461 Admiratione...
913 3408 1060 3476 afficiuntur.

632 3474 856 3529 Admirationemin
877 3474 901 3560 se
921 3475 1062 3534 movent-ii.

821 3603 899 3669 Div

237 3539 288 3609 Qut·
303 3554 347 3590 ner
363 3538 431 3605 sibi,
456 3555 497 3592 nra
517 3538 598 3593 alteri.
