2817 4267
257 411 322 484 266
516 415 589 480 De
631 416 924 482 Serrrrcuuua.¹

258 524 378 606 paullrm
401 539 489 583 arare
511 525 647 606 progessi
668 523 909 586 adolescentiam
928 521 1053 586 debeam
1068 527 1177 610 requi·¹

261 625 339 665 rere.
369 600 480 664 Cursus
500 604 542 665 est
564 625 663 666 cerrus
689 607 806 678 aeraria,
828 607 864 668 δι
888 609 1018 677 υηυίι
1040 627 1173 684 naturae,

260 703 355 766 eaque
375 685 524 765 simplem
549 685 659 767 suaque
678 689 789 768 cuique
809 686 887 768 parri
909 689 1007 748 araris
1027 687 1174 770 tempesti-

260 769 337 826 vitas
358 763 400 824 esi
420 767 508 840 dara3
532 785 565 827 ur
595 769 629 828 δι
651 763 808 828 infirmitas
831 785 1020 849 puerorum,
1042 769 1075 830 δι
1094 768 1173 830 sero·

260 842 800 989 iisidlssllnibssillssilffl
813 846 1173 994 rililffllbtssl⁶⁵ri

261 1009 470 1090 suo,rempore
489 1011 604 1091 percipi
624 1011 744 1070 debeat.
771 951 811 1012 qu
1064 951 1115 1014 ’q

309 1109 358 1170 34.
382 1091 519 1150 Arbitror
538 1109 568 1151 re
586 1092 710 1162 audire,
734 1089 862 1172 Scipio,
878 1089 990 1173 hospes
1013 1107 1082 1155 turra
1109 1091 1171 1154 avi·

264 1189 313 1234 rus
337 1191 350 1252 5
381 1170 528 1232 Masinissa
552 1193 618 1254 quae
646 1171 736 1232 saciat
760 1173 873 1242 hodie,
896 1175 1060 1256 nonaginta
1081 1193 1169 1235 annos

265 1271 375 1315 natus:
399 1275 491 1335 quum
518 1251 657 1335 ingressus
685 1255 743 1313 iter
771 1255 901 1336 pedibus
925 1256 984 1325 sir,
1007 1257 1039 1316 in
1063 1275 1167 1336 equum

266 1339 390 1400 omnino
413 1357 474 1396 non
491 1335 691 1406 adscendere;
710 1355 802 1415 quum
827 1355 929 1415 equo,
944 1355 986 1397 ex
1012 1356 1030 1397 e
1051 1357 1090 1398 uo
1110 1357 1166 1398 nou

268 1417 447 1479 descendere
469 1440 476 1477 :
501 1419 584 1477 nullo
606 1416 724 1488 imbre,
755 1417 839 1476 nullo
861 1415 975 1498 frigore
997 1357 1119 1488 adduci,
1137 1431 1176 1486 ul¹

267 1501 364 1580 capite
385 1517 494 1579 operro
512 1500 572 1558 sir:
592 1497 736 1557 summam
749 1498 780 1557 in
799 1519 838 1559 eo
857 1496 917 1559 elle
929 1501 1066 1579 corporis
1082 1499 1101 1561 6
1115 1497 1163 1560 sir·

268 1583 416 1641 citarem:
441 1583 539 1660 iraque
558 1577 679 1659 exsequi
700 1579 802 1638 omnin
820 1581 899 1660 regis
926 1576 1029 1640 officia
1053 1580 1085 1640 dr
1106 1599 1162 1641 mu·

268 1681 349 1720 nera.
372 1657 469 1720 Potest
491 1662 577 1742 igitur
594 1660 789 1732 exercitatio,
813 1659 1067 1742 &temperantia
1084 1661 1162 1723 eriam

269 1739 406 1803 seneiluri
426 1741 600 1802 conservare
615 1741 727 1821 aliquid
747 1739 860 1822 pristini
880 1742 1013 1803 roboris.

312 1822 366 1883 xl.
391 1823 464 1885 Non
486 1822 548 1884 sunt
574 1824 605 1882 in
624 1821 770 1883 seneblute
789 1823 893 1883 vires?
923 1842 963 1885 ne
988 1819 1161 1906 postulamur

272 1906 396 1990 quidem
411 1909 490 1967 vires
505 1927 521 1966 a
538 1903 698 1966 seneilure.
719 1903 800 1986 Ergo
819 1905 853 1966 &
873 1903 991 1987 legibus
1013 1905 1046 1966 &
1065 1903 1162 1966 insiitu·

273 1993 309 2051 tis
321 2007 405 2049 varar
424 2010 493 2050 aeras
512 1984 607 2048 nostra
620 1985 793 2047 muneribus
810 1987 866 2056 iis,
888 2005 956 2066 quae
973 2005 1035 2047 non
1057 1984 1162 2068 possunl

274 2075 338 2133 sine
355 2073 469 2133 viribus
491 2068 620 2130 sustineri
639 2089 647 2127 :
669 2068 770 2148 iraque
791 2087 853 2126 non
872 2066 991 2139 modb,
1009 2068 1090 2150 quod
1110 2085 1163 2128 non

275 2151 445 2232 pollumus,
467 2152 517 2213 sed
546 2172 583 2210 ne
604 2165 746 2232 quantum
765 2145 916 2230 pollumua
938 2149 1090 2229 quidem,
1114 2169 1163 2211 co·

272 2237 380 2315 gimur.

323 2333 372 2393 35.
397 2314 438 2373 Ar
457 2315 495 2374 ira
521 2311 605 2371 multi
628 2311 692 2370 sunt
710 2310 850 2372 imbecilli
870 2307 975 2384 senes,
998 2328 1032 2373 ur
1061 2311 1165 2373 nullum

263 2393 382 2464 officii,
395 2414 443 2456 aut
481 2397 602 2453 omnino
621 2393 691 2451 virae
723 2399 828 2453 munus
848 2391 966 2471 exsequi
988 2395 1113 2475 possint.
1128 2395 1166 2454 At

276 2479 308 2538 id
328 2477 449 2559 quidem
474 2498 535 2537 non
553 2475 705 2558 proprium
727 2473 878 2535 senedlutis
907 2471 950 2533 est
975 2477 1099 2547 virium,
1120 2473 1166 2536 sed

279 2581 438 2622 commune
453 2581 465 2621 r
483 2558 667 2621 valetudinis.
686 2554 790 2634 Quim
802 2555 855 2616 fuit
866 2555 1032 2616 imbecillus
1046 2555 1077 2618 P.
1090 2555 1168 2617 Afri·

279 2645 344 2705 rani
361 2641 435 2704 srlius
445 2645 490 2716 is,
508 2644 557 2722 qui
571 2659 600 2700 re
612 2637 787 2717 adoptavit?
805 2634 894 2719 quim
909 2639 1010 2708 renui,
1023 2656 1074 2697 aur
1093 2637 1169 2698 nulli

281 2727 378 2808 potius
399 2720 590 2787 valetudine?
613 2719 693 2800 quod
722 2720 753 2778 ni
775 2719 815 2777 ira
834 2715 950 2790 suisset,
973 2719 1100 2780 alterum
1122 2719 1170 2779 ille

281 2805 416 2870 exririller
435 2809 535 2867 lumen
555 2803 701 2864 civitatis:
723 2801 760 2860 ad
781 2817 932 2881 paternam
954 2801 1033 2861 enim
1059 2803 1170 2883 magni·

280 2892 412 2951 tudinem
429 2893 517 2949 animi
538 2885 665 2945 doilrina
687 2881 805 2941 uberior
823 2879 986 2940 accesserat.
1014 2879 1103 2962 Quid
1117 2883 1171 2942 mi·

282 2960 1172 3111 ‘uiui“rimulisilluderer

282 3073 353 3199 dddr
366 3072 524 3204 ,qpraeleimgp
535 3130 653 3211 Scipio,
678 3064 814 3189 semusti
832 3065 891 3198 eli,
917 3122 1038 3206 ejusque
1060 3127 1131 3190 viria
1151 3146 1168 3187 2

318 3300 329 3344 ς
352 3278 488 3343 Masiniffa.
512 3276 564 3327 lien
584 3271 709 3325 Numidia.
741 3281 820 3323 careat
834 3269 897 3319 omni
914 3272 1014 3321 humore
1025 3270 1122 3324 vitioso.

285 3350 373 3402 Diczrur
395 3345 477 3403 hospes
496 3343 572 3393 uritur
593 3339 709 3401 Scipionis
786 3352 797 3385 1
824 3334 982 3387 Valetudinis.
1009 3334 1171 3402 Inbrinium,

286 3419 318 3465 ob
338 3412 470 3465 Africanum
490 3407 620 3468 maiorem.
643 3402 711 3466 cujus
741 3400 911 3453 imbecillitatis.

283 3478 399 3535 blasinlln
419 3474 501 3534 hospes
520 3472 604 3521 luerat.
776 3482 792 3516 2
811 3465 957 3543 Diligenriri.
983 3463 1096 3536 Diligenti
1115 3465 1174 3521 curi

318 3549 336 3598 b
366 3543 510 3594 siccorum.
539 3537 602 3603 Qua
627 3546 712 3599 nempe
744 3530 895 3586 ualetudinis.
