2817 4267
291 388 350 473 38
520 386 935 450 Tuseunnurnunt*

291 497 402 566 dorus,
421 490 510 574 qued*
527 492 672 551 Athenis?
698 511 746 551 aur
758 490 839 550 Plato
854 489 1057 551 Xenocratem
1074 486 1170 548 vince·

291 577 361 646 bat,
379 594 425 634 aut
435 572 556 633 Polemo
572 573 749 643 Arcesilam,
763 593 822 653 quo
834 571 901 632 esset
913 572 1029 631 beatior
1040 572 1051 631 ἓ
1063 567 1171 648 Quanti

292 658 367 717 verb
387 654 437 715 isla
457 657 558 713 civitas
573 654 737 714 aestimanda
753 652 820 723 est,¹
834 673 869 712 ex
892 674 948 734 qua
968 652 1041 712 boni
1063 655 1090 710 sa
1112 653 1172 709 ien-

292 736 393 815 tesque
407 734 570 816 pelluntur?
590 734 762 794 Demaratus
802 734 900 793 uidem
918 732 1070 814 Tarquinii
1085 674 1173 811 llegis

293 818 383 878 nostri
402 835 504 898 pater,
530 835 686 894 tyrannum
713 813 740 874 C
766 756 876 893 plelum
906 814 984 894 qubd
1015 812 1091 872 ferre
1118 831 1174 869 non

295 917 429 977 poterat,
457 896 527 978 sugit
546 894 721 979 Tarquinios
784 896 897 963 rintho,
923 897 955 961 bt
975 894 1015 953 ibi
1035 890 1097 951 suas
1117 891 1174 951 sor·

295 997 387 1043 mnas,
407 976 577 1051 constituit,
607 998 640 1036 ac
661 977 768 1036 liberos
791 975 963 1057 procreavit.
986 973 1067 1033 Num
1086 971 1175 1032 stulte

295 1058 459 1137 anteposuit
477 1058 554 1117 exilii
568 1058 731 1118 libertatem
747 1055 914 1117 donreslicae
934 1052 1086 1115 servituti?

338 1138 509 1199 XXXVlll.
528 1137 591 1199 lam
607 1140 680 1199 verb
696 1157 797 1200 motus
816 1140 923 1216 animi,
946 1133 1174 1207 sollicitudines,

296 1220 535 1303 egritudinesque
548 1207 700 1282 oblivione
719 1220 879 1293 leniuntur,
898 1216 1064 1278 atradublis
1080 1218 1177 1275 animis

299 1304 338 1363 acl
354 1302 543 1383 uoluptatem.
569 1300 638 1361 Non
661 1303 736 1361 sine·
753 1300 835 1362 causa
852 1302 938 1382 igitur
958 1298 1101 1379 Epicurus
1129 1318 1178 1356 au·

298 1381 346 1443 sbr
356 1383 396 1443 est
407 1384 522 1454 dicere,
543 1402 557 1463 3
579 1382 693 1462 semper
709 1384 737 1441 in
752 1383 879 1462 pluribus
889 1381 982 1452 bonis
993 1378 1051 1441 elle
1071 1380 1178 1460 sapien·

300 1482 383 1539 rem,
405 1466 472 1545 quia
486 1464 598 1542 semper
616 1467 653 1524 sit
672 1468 700 1523 in
719 1463 928 1543 uoluptatibus,
956 1460 998 1520 Ex
1021 1482 1082 1541 quo
1107 1456 1178 1519 effici

254 1605 257 1620 ,
301 1564 387 1628 putat
403 1547 472 1618 ille,
495 1547 576 1624 quod
598 1547 769 1625 quaerimus,
789 1561 821 1605 ut
843 1542 954 1624 sapiens
974 1541 1092 1621 semper
1113 1542 1177 1601 bea·

258 1679 264 1687 .
302 1647 351 1696 rus
369 1628 418 1703 sir.
438 1622 623 1700 4Etiamne,
650 1628 674 1684 si
692 1626 821 1686 sensibus
839 1624 948 1687 carebit
965 1624 1142 1694 oculorum,
1159 1621 1180 1680 si

302 1705 435 1767 aurium?
470 1704 579 1764 Etiam:
599 1715 667 1765 nam
699 1705 750 1767 ista
775 1705 834 1787 ipsa
860 1706 1035 1767 contemnit.
1058 1702 1180 1763 Primbru

304 1788 404 1858 enim,
423 1785 566 1845 horribilis
587 1785 638 1847 ista
651 1791 763 1847 caecitas
782 1787 886 1869 quibus
899 1785 1016 1846 tandem
1035 1803 1182 1845 caretvo·

303 1867 485 1947 luptatibusl
513 1870 580 1927 cum
617 1870 736 1950 quidam
769 1871 857 1929 etiam
893 1866 1040 1949 disputent
1070 1883 1187 1925 caereras

304 1951 472 2027 voluptates
484 1950 513 2007 in
531 1950 600 2027 ipsis
617 1951 744 2009 habitare
760 1947 888 2010 sensibus
908 1958 1003 2029 :quae
1027 1966 1123 2007 autent
1140 1944 1185 2005 as·

252 2051 256 2056 ·
305 2030 391 2111 peslu
411 2031 621 2111 percipiantur,
644 2050 680 2091 ea
698 2052 758 2091 non
775 2032 882 2092 versari
899 2031 927 2089 in
949 2028 1104 2090 oculorum
1119 2027 1185 2086 'ulla
1211 2029 1216 2044 '

224 2164 226 2169 .
307 2112 506 2192 jucunditate:
522 2130 552 2170 ut
571 2132 623 2184 ea,
644 2134 707 2194 quae
727 2111 891 2195 gustemus,
913 2110 1102 2183 olfaciamus,
1114 2125 1187 2167 trac·

307 2212 424 2265 temus,
443 2193 611 2264 audiamus,
638 2196 667 2253 in
692 2213 726 2253 ea
751 2193 830 2272 ipsa,
853 2194 902 2252 ubi
924 2190 1085 2261 sentimus,
1107 2189 1187 2271 part'e

308 2273 458 2335 versentur
474 2292 482 2331 r
500 2275 528 2330 in
542 2275 634 2333 oculis
653 2275 711 2335 tale
726 2276 795 2334 nihil
811 2274 854 2337 sit.
870 2275 994 2334 Animus
1009 2273 1116 2353 accipit
1127 2277 1188 2353 quae'

308 2356 456 2414 videmus.
480 2354 590 2412 Animo
611 2372 709 2414 autem
726 2356 822 2415 multis
839 2354 959 2426 modis,
977 2354 1124 2433 variisque
1138 2354 1187 2412 de·

308 2434 407 2497 sellari
419 2435 506 2504 licet,
525 2436 612 2493 etiarn
629 2437 723 2497 sinon
736 2434 1053 2516 adhibeaturaspeblus.
1072 2435 1190 2514 Loquor

311 2519 392 2577 enirn
413 2516 450 2576 de
472 2515 560 2575 doslo
582 2517 721 2588 homine,
740 2521 772 2581 δι
793 2518 929 2591 erudito,
955 2518 1001 2577 cui
1023 2518 1127 2576 vivere
1151 2511 1190 2574 est

312 2600 452 2681 cogitare.
478 2595 620 2675 Sapientis
641 2616 738 2659 autem
757 2601 894 2681 cogitatio
918 2619 930 2657 1
954 2618 1015 2657 non
1040 2596 1135 2657 ferme
1157 2594 1191 2655 as

312 2677 542 2759 investigandum
563 2679 681 2739 adhibet
702 2681 804 2759 oculos
825 2682 997 2741 advocatos.
1028 2676 1147 2738 Etenim
1170 2677 1190 2734 si

313 2783 373 2821 nox
393 2782 452 2819 non
469 2760 570 2820 adimit
587 2762 675 2821 vitam
689 2761 824 2835 beatam,
852 2782 903 2821 tur
921 2760 983 2821 dies
1002 2758 1079 2819 nosti
1095 2758 1192 2818 similis

314 2842 442 2903 adimat?
473 2841 548 2900 Nam
568 2841 638 2899 illud
658 2844 803 2921 Antipatri
824 2840 982 2924 Cyrenaici
1007 2840 1047 2900 est
1076 2840 1193 2921 quidem

317 2924 403 3003 pauso
415 2921 594 2992 obscaenius,
616 2920 666 2983 sed
682 2945 740 2982 non
754 2922 871 2983 absurda
891 2919 1099 2994 sententiaest:
1113 2918 1197 2997 cujus

317 3008 477 3063 caecitatem
486 3004 554 3061 cum
566 3005 741 3063 muliercula
757 3007 999 3082 lamentarentur,
1010 3003 1090 3083 Quid
1101 3004 1195 3083 agitis,

318 3085 434 3165 inquit?
458 3105 496 3141 an
512 3084 589 3144 vobis
606 3085 686 3143 nassa
702 3087 809 3146 videtur
825 3086 955 3166 voluptas
973 3080 1023 3163 effa
1043 3084 1200 3145 nosluma?

353 3204 369 3235 2
391 3184 511 3235 Tradaffls
532 3188 633 3243 animis,
652 3190 684 3233 ars
700 3205 745 3235 vo·
809 3186 969 3247 4Etiamrte,
980 3184 1021 3249 fi.
1036 3186 1095 3240 buc.
1114 3186 1200 3252 Quos!

321 3253 450 3315 saptazem,
472 3248 549 3314 ¹quand
565 3263 597 3300 ou
616 3251 675 3317 passe
688 3252 746 3303 daur
767 3251 1200 3315 -ntren·v0us,quandnenetlserait

321 3332 368 3368 une
379 3315 482 3365 situation
497 3313 616 3379 agrsable.
672 3351 673 3354 κ
777 3317 845 3368 sourd
858 3318 882 3366 δι
899 3314 1014 3380 aveuglei

329 3433 334 3453 x
356 3381 474 3446 3Sernprr
489 3382 541 3441 in,
566 3382 616 3432 bre.
632 3380 746 3448 Qu'llya
814 3396 824 3430 ι
848 3377 905 3430 Non
922 3380 998 3445 ferrus
1020 3381 1127 3443 adhibet,
1152 3381 1201 3433 &c-

323 3459 428 3507 tuurours
438 3446 487 3509 plus
499 3445 591 3498 slebieu
603 3460 647 3513 qur
661 3445 749 3500 ‹lemal
780 3444 898 3510 u¹appelle
908 3459 981 3513 gutte
996 3444 1031 3499 ses
1043 3461 1106 3514 reus
1124 3460 1154 3499 au
1169 3448 1203 3498 se·

323 3527 384 3581 pour
400 3513 420 3564 le
436 3512 496 3578 suge.
780 3525 860 3564 tours.
1137 3537 1141 3543 ·

243 3699 392 3778 Α-
