2817 4267
564 417 823 486 btsettV.
1067 437 1126 506 m

241 540 288 591 fes
305 524 600 608 pugnis,¹ealcibus,
618 530 781 609 unguibus,
811 525 924 599 morsu,
949 523 1073 610 denique
1092 546 1125 590 ut

244 609 679 690 exanimarentuupriusqu'arn
695 609 724 669 se
745 610 835 669 vidos
857 608 1019 670 faterentur.
1045 609 1125 690 Quae

246 691 376 752 barbaria
407 689 487 754 ludii
508 689 634 763 vastior,
667 709 715 750 aut
744 690 900 772 agrestior?
922 690 952 750 in
975 706 1125 751 catanien

194 769 204 810 '²
240 791 333 854 ¹gente
346 774 470 852 primirm
481 774 500 830 ii
512 818 520 840 ,
530 777 578 852 qui
598 773 739 850 sapientes
752 774 908 841 habentur,
923 774 993 832 nudi
1008 788 1125 833 aetatern

248 869 355 933 agunt,
387 853 419 912 ἃ
437 852 556 911 Caucasi
576 857 679 924 nives,
708 854 919 935 hiemalemque
941 856 1001 912 vim
1029 854 1157 928 perse-³

226 963 230 976 ·
248 952 314 993 runt
330 938 393 992 sine
413 935 515 993 dolore
533 957 541 995 z
564 936 689 1014 ctimque
702 936 736 991 ad
750 934 894 994 flammam
911 934 939 994 se
959 936 1126 1015 applicave-

231 1016 321 1086 ,rint,
340 1017 405 1072 sine
428 1018 535 1094 gemitu
556 1017 723 1074 aduruntur.
736 1015 873 1092 Mulieres
893 1017 1007 1077 verbio
1026 1016 1126 1093 India,

247 1098 315 1156 cbm
338 1094 381 1153 est
406 1095 527 1171 cujusvis
547 1117 643 1155 earum
664 1101 708 1153 vir
726 1115 878 1167 mortuus,
909 1101 938 1155 in
959 1118 1125 1170 certamen,

247 1174 446 1260 judiciumque
468 1182 600 1241 veniunt.
625 1198 710 1257 quam
732 1177 883 1255 plurimirm
907 1175 954 1236 iile
973 1179 1124 1240 dilexerim

248 1258 346 1340 plures
359 1262 435 1316 enim
447 1258 564 1339 singulis
575 1259 666 1318 solent
683 1258 739 1317 esse
749 1278 853 1340 nuprae.
865 1259 942 1338 Qun
954 1260 993 1318 esi
1009 1259 1125 1335 vidirix‘,

230 1358 282 1399 'ea
295 1338 361 1397 laeta
377 1336 613 1418 prosequentibus
630 1339 702 1407 suis,
726 1340 781 1398 uni
801 1361 865 1398 curn
888 1345 953 1399 viro
971 1344 999 1397 in
1021 1355 1125 1419 rogum

249 1420 421 1500 imponitur:
438 1420 484 1477 issa
502 1420 596 1494 visin,
612 1419 712 1480 moesia
728 1420 857 1480 discedit.
869 1420 1033 1501 Numquam
1044 1441 1125 1481 natu·

249 1521 307 1561 ram
329 1518 394 1560 mos
412 1503 540 1562 vinceret
559 1521 565 1559 :
591 1502 630 1561 esi
649 1506 728 1561 enim
752 1524 784 1561 ea
803 1504 920 1581 ,semper
936 1500 1049 1562 invida.
1066 1500 1125 1564 Sed

248 1602 301 1643 uos
323 1582 456 1653 umbris,
486 1583 615 1654 deliciis,
640 1585 729 1656 otio,
752 1584 797 1642 lan
819 1604 906 1648 uore.
922 1584 1032 1644 desidia
1061 1586 1124 1643 ani·

249 1684 328 1725 mum
341 1661 512 1724 infecimus:
532 1665 735 1742 opinionibus,
757 1605 892 1745 maioque
916 1685 997 1725 more
1017 1664 1126 1725 delini·

248 1760 310 1806 tum
332 1744 518 1804 mollivimus.
541 1745 749 1826 AEgyptiorum
772 1767 884 1806 morem
905 1750 967 1825 quis
980 1749 1124 1830 ignorat,

248 1846 373 1908 quorum
393 1827 637 1886 imbutae'mentes
655 1829 800 1902 pravitatis
816 1830 976 1898 erroribus,
992 1849 1004 1887 t
1020 1850 1125 1909 quam-

248 1909 296 1965 vis
312 1906 503 1966 carnificinam
521 1910 598 1989 prius
609 1906 759 1979 subierint,
777 1908 864 1989 quim
883 1906 970 1977 ibim,
983 1927 1031 1967 aut
1050 1909 1126 1987 aspi·-

248 1987 334 2056 dem,
352 1999 400 2047 a'ut
413 1988 518 2061 felem,
536 2006 586 2047 aut
603 2009 723 2061 canem,
736 2008 784 2049 aut
801 1990 979 2048 crocodilum
995 1990 1124 2051 violenta¹
1179 2049 1184 2056 ,

246 2086 372 2150 quorum
402 2071 487 2128 etiam
521 2071 545 2129 si
566 2071 773 2149 imprudentes
803 2071 949 2150 quippiam
980 2065 1123 2140 fecerint,

240 2199 244 2210 ,
300 2169 364 2209 nam
380 2150 485 2209 nusiam
506 2153 646 2211 recusent.
670 2149 718 2209 De
736 2150 899 2211 bominibus
913 2149 1027 2231 loquor.
1040 2150 1127 2230 Quid¹

201 2249 204 2254 '
245 2167 369 2294 bbzstiae?
393 2251 451 2290 non
474 2231 583 2313 frigus,
604 2253 663 2291 nou
686 2231 810 2303 samem,
836 2253 896 2292 non
918 2235 1124 2313 montivagos,

197 2355 200 2360 -
239 2329 336 2393 ,etque
355 2311 500 2373 silvestres
517 2312 613 2372 cursus
630 2311 865 2393 lustrationesque
879 2311 1044 2395 patiuntur?
1062 2332 1122 2374 non

242 2414 302 2475 pro
321 2390 370 2453 suo
392 2413 472 2473 partu
491 2396 529 2452 ita
543 2414 742 2475 propugnant,
768 2414 800 2453 ut
819 2396 938 2455 vulnera
955 2396 1122 2475 excipiant?

244 2473 344 2536 nullos
354 2470 476 2553 impetus
487 2518 496 2546 ‚
508 2475 601 2535 nuslos
613 2474 681 2534 isius
694 2474 897 2536 reformident?
912 2476 1048 2545 Omitto,
1059 2493 1124 2557 quar

233 2552 414 2639 perferant,
445 2576 566 2636 quaeque
589 2559 730 2635 patiantur
756 2557 929 2630 ambitiosi,
962 2578 980 2617 2
1005 2558 1123 2618 honoris

243 2634 353 2698 tauri:
367 2637 457 2695 laudis
474 2636 613 2707 studiosi,
631 2640 728 2716 gioriae
754 2638 859 2718 grana:
883 2658 981 2697 amore
993 2640 1125 2712 incensi,

238 2738 264 2803 ,3
283 2718 460 2792 cupiditatis.
484 2718 571 2778 Plena
587 2721 644 2777 vira
660 2722 861 2798 exemplorum
883 2718 934 2779 ess.
1064 2735 1067 2740 ·

254 2806 256 2810 ’
289 2796 431 2864 XXstI.
446 2824 465 2874 4
482 2799 539 2858 Sed
552 2800 690 2860 adhibeat·
701 2803 794 2860 oratio
812 2800 953 2868 modum,
973 2799 1004 2859 δι
1026 2799 1126 2860 redeat

197 2885 200 2892 '
245 2878 339 2960 issue,
356 2939 358 2943 ,
377 2882 455 2939 unde
476 2881 602 2941 deflerit.
627 2880 734 2951 Dabit,
762 2880 858 2951 dabit,
886 2883 1021 2960 inquam,
1046 2872 1075 2939 se
1093 2880 1124 2941 in

246 2977 397 3022 tormenta
413 2964 472 3021 vita
498 2963 599 3021 beata:
622 2983 676 3021 nec
696 2961 849 3038 iustitiam.
877 2962 1096 3041 temperantiam
1112 3006 1125 3033 ,

246 3042 446 3123 imprimisque
464 3041 680 3115 fortitudinem,
701 3042 925 3125 magnitudinem
945 3044 1051 3113 animi,
1072 3062 1125 3118 pa-

247 3124 379 3186 tientiam
396 3121 563 3204 prosecuta,
584 3126 650 3185 ciun
667 3128 785 3185 tortoris
796 3144 831 3187 os
842 3126 960 3197 viderit,
974 3123 1125 3184 consisteta

269 3249 296 3318 ἰ
336 3271 444 3344 oomnis,
469 3283 512 3332 pro
529 3270 671 3335 quamlibet,
702 3270 825 3320 venienus
843 3273 968 3323 bnnnetus.
1048 3333 1055 3345 ο
1091 3332 1098 3344 ‚

247 3330 498 3385 &usssrruffrtroient
511 3334 672 3385 routessortes
736 3348 748 3398 ς
772 3337 921 3394 Cupidirrrir.
938 3334 1000 3385 s’our
1016 3330 1126 3386 satisfaire

247 3395 282 3447 de
305 3409 441 3460 tourmens,
465 3398 542 3466 plutdt
569 3415 615 3467 que
641 3402 671 3453 de
701 3397 762 3451 setus
777 3400 880 3463 patioris.

247 3459 349 3518 hiessen,
362 3462 412 3515 dic.
736 3482 751 3525 4
773 3464 821 3514 Sed
844 3464 968 3524 adhibeor,
988 3463 1038 3515 dcc.
1062 3462 1124 3520 Maia

281 3541 299 3581 2
318 3525 425 3579 Honoris
441 3530 524 3585 cmi.
541 3529 604 3584 Pom
613 3543 668 3599 prr·
702 3542 733 3586 ue
747 3533 834 3599 suynus
848 3546 890 3600 par
905 3542 958 3594 trop
973 3527 1050 3597 lours.

926 3617 963 3695 b.
