2817 4267
257 486 261 490 ,
500 407 841 479 Piranum:
983 448 985 452 -
1049 412 1114 485 'aree

246 513 321 577 ..ul
333 512 439 595 Quid?
459 513 518 593 jam
533 514 583 573 illa
600 512 742 592 cupiditas
761 510 848 592 (quae
870 503 1059 571 videturesse
1077 509 1116 574 lis,

226 599 373 677 berillos)
387 598 527 664 honoris,
544 596 675 674 imperii,
693 593 925 673 provinciarum,
943 587 1029 671 quim
1043 590 1116 650 dura

230 678 274 739 est
290 677 428 738 dominal
446 677 535 757 quim
549 672 722 754 imperiosa!
744 671 831 751 quim
851 670 1032 740 vehemensl
1052 668 1118 736 Ce-,
1156 694 1158 697 ·

228 761 320 839 thego
346 760 457 818 homini
480 776 539 817 non
566 754 772 835 probatissimo
792 750 899 813 servire
921 753 1018 833 coegit
1039 763 1118 823 eus,¹

229 844 281 922 qui
294 840 348 898 sibi
369 837 425 898 elle
446 837 615 916 amplissimi
630 835 824 908 videbantur3
840 851 960 893 munera
980 834 1119 906 mittere,²

230 918 318 982 modu
337 922 437 979 venire
460 920 582 978 domum
594 914 630 976 ad
643 932 731 991 euru,
751 916 863 998 precati
874 959 889 983 ‚⁴
904 913 1030 993 denique
1047 913 1120 992 sup·

231 1002 362 1083 plicare:
405 1021 449 1058 uae
468 998 590 1076 servitus
609 996 675 1069 est,
698 998 723 1056 si
745 996 806 1057 haec
825 995 941 1055 libertas
960 993 1120 1060 existimari

232 1079 351 1163 potest?
380 1021 486 1159 driu?
516 1099 606 1160 quum
628 1077 825 1157 cupiditatum,
841 1076 1004 1137 dominatus
1027 1092 1040 1133 1
1063 1093 1121 1135 ex-

233 1162 340 1233 cessit,
369 1161 402 1223 &
430 1163 502 1221 'alius
526 1159 568 1220 est
595 1160 733 1219 dominus
750 1175 867 1218 exortus
886 1155 922 1217 ex'
942 1155 1120 1217 conscientia

233 1259 443 1323 peccatorum,
467 1240 574 1301 timor?
588 1239 675 1321 quim
690 1237 733 1299 est
742 1240 791 1299 illa
801 1236 920 1309 misera,
941 1236 1028 1317 quim
1048 1234 1122 1296 dura
1217 1296 1223 1311 ³

230 1323 377 1404 servitus!
400 1321 630 1383 adolescentibus
653 1341 671 1381 2
691 1320 778 1401 paulo
799 1318 1014 1399 loquacioribus
1036 1338 1051 1401 3
1076 1315 1121 1377 est

201 1467 204 1472 ,
232 1403 437 1478 serviendum:
455 1423 578 1475 omnes,
599 1402 649 1481 qui
666 1401 774 1481 aliquid
787 1398 858 1472 seire
872 1398 1028 1471 ridentur,
1048 1414 1122 1464 tame
1175 1434 1179 1442 ›

232 1504 320 1565 quam
341 1484 470 1555 domini,
499 1481 647 1544 timentur.
666 1479 761 1543 Judex
781 1480 855 1543 vero
874 1496 1015 1562 quantum
1030 1478 1122 1539 babet

233 1564 441 1625 dominatum?
463 1585 523 1647 quo
542 1566 650 1624 timore
666 1580 806 1626 nocentes
825 1559 936 1622 afficit?
957 1581 1059 1622 annon
1076 1557 1126 1624 est,

233 1648 329 1705 omnis
351 1663 465 1720 metus,
490 1644 631 1705 servitus?
662 1643 748 1724 Quid
770 1639 850 1705 valet
877 1644 963 1725 igitur
985 1643 1034 1704 illa
1054 1643 1127 1709 elo-s

232 1727 417 1807 quentissimi
430 1728 504 1793 viri,
523 1725 555 1783 L.
571 1724 688 1795 Crassi,
705 1723 822 1805 copiosa
840 1743 954 1805 magis,
972 1722 1060 1805 quim
1075 1722 1121 1783 sa·
1146 1746 1149 1753 ’

233 1810 320 1885 piens
341 1805 456 1864 oratio?
483 1808 587 1883 Eripite
606 1825 656 1862 nor
678 1827 714 1863 err
729 1806 868 1882 servitute.
906 1801 986 1881 Quae
1003 1803 1045 1864 est
1067 1801 1122 1865 ista

233 1886 376 1956 servitus,
398 1889 461 1943 tam·
479 1884 557 1944 claro
574 1885 706 1954 homini,
726 1902 845 1963 tamque
866 1883 983 1945 nobili?
1012 1882 1126 1946 Omnis·

232 1968 323 2026 animi
344 1964 503 2046 debilitati,
523 1964 555 2025 δι
573 1964 708 2038 humilis,
728 1967 760 2027 δι
782 1962 861 2023 fratri
884 1963 1043 2035 timiditas,
1063 1962 1126 2025 ser·'

235 2050 316 2106 vitus
339 2044 391 2108 est.
409 2046 507 2107 Nolite
521 2048 605 2105 sinere
619 2050 674 2105 'rios
689 2048 817 2125 cuiquam
825 2044 934 2122 servire.
951 2043 983 2104 ln
1003 2045 1136 2106 liberis.

238 2146 299 2188 tem
329 2127 470 2186 vindicari
494 2126 579 2187 vulti
599 2125 746 2186 minime:
773 2126 844 2207 quid
869 2125 947 2187 enim
969 2124 1144 2208 adjungitd‘

236 2209 383 2269 nisirobis
399 2208 535 2267 universis
585 2206 737 2266 dominum
754 2225 884 2278 mutare,
905 2227 965 2268 uon
976 2208 1049 2268 liber
1062 2206 1122 2271 elle

237 2287 324 2369 vult)
338 2289 437 2368 quibus
455 2288 483 2347 fe
501 2294 537 2366 po
556 2288 678 2353 ,ummo
694 2289 828 2349 debemur.
844 2286 910 2349 Nos
920 2289 1011 2363 vcro,
1022 2291 1046 2349 si
1057 2290 1144 2370 qui-‚-

239 2370 307 2430 dein
318 2372 416 2431 auimo
436 2368 566 2437 excelso,
590 2370 718 2443 &alto,
735 2370 769 2430 δι
790 2368 944 2431 virtutihus
960 2380 1127 2453 4·exagge-'

240 2466 303 2510 rato
320 2448 437 2523 sumus,
461 2470 516 2509 aec
542 2450 703 2521 debemus,
725 2468 778 2508 nec
799 2448 954 2531 pollumus.
974 2449 1022 2513 Tu
1041 2451 1123 2530 polle
1219 2485 1222 2489 Α

238 2548 270 2591 te
292 2529 404 2604 dicito,
424 2530 694 2610 quoniamquidem
716 2546 826 2611 potes:
851 2530 959 2592 debere
976 2552 1014 2591 ne
1036 2533 1124 2593 dixe·

240 2613 300 2693 ris;
328 2610 558 2693 quoniam-nihil
578 2608 726 2691 quisquam
747 2610 853 2681 debet,
881 2614 937 2671 uisi
967 2613 1048 2693 quod
1078 2609 1122 2673 est
1158 2659 1179 2684 ,1

240 2709 325 2772 turpe
348 2712 361 2772 ς
385 2712 444 2752 non
465 2691 596 2751 reddere.
616 2688 675 2751 Sed
690 2692 753 2750 haec
772 2689 915 2754 hedenus.
932 2688 986 2751 llle
1001 2693 1122 2765 videat,

242 2773 396 2853 quomodo
415 2774 572 2852 imperator
593 2770 649 2831 elle
676 2774 769 2851 possit
792 2792 911 2853 :quum
939 2792 1006 2832 eum
1028 2792 1066 2833 ne
1086 2774 1125 2843 lie

209 2929 212 2934 μ
241 2853 344 2915 berum
364 2853 483 2935 quidem
502 2852 558 2914 elle
575 2854 650 2915 ratio
672 2854 704 2917 dt
722 2853 825 2927 veritas
839 2851 899 2934 ipsa
919 2854 1096 2934 convincat„

241 3011 359 3078 pecnnia,
377 3027 446 3079 quau
468 3012 506 3063 sua
526 3012 610 3079 cuique
632 3013 668 3065 iu·
734 3011 806 3077 ,ΕΛ
816 3011 971 3077 serviendam.
999 3015 1060 3067 Dum
1080 3032 1126 3072 eus

240 3078 323 3130 dulltia
335 3078 360 3128 δι
374 3078 514 3144 parcimonia
528 3079 627 3145 peperit.
700 3090 740 3129 aut
755 3090 865 3141 patronos
887 3078 1012 3143 ambiunt,
1028 3092 1067 3135 aut
1083 3098 1126 3137 ac·

276 3159 288 3193 ι
314 3142 433 3193 Excessit.
452 3141 538 3194 Desiit.
700 3141 817 3195 cusmores
830 3142 920 3194 timent.

275 3222 292 3257 2
312 3206 391 3257 Pauli
411 3206 593 3275 loquacioribus.
646 3206 687 3269 lli,
733 3220 750 3267 4
769 3205 925 3273 Exaggerato:
947 3208 1082 3263 Cumulato.
1178 3245 1193 3250 -

240 3272 371 3388 uopuullius
389 3272 439 3326 suut
465 3272 489 3325 iu
513 3271 615 3327 dicendo
657 3297 669 3313 ·
737 3269 820 3336 5Non
837 3276 940 3329 reddere.
957 3273 1013 3329 Nou
1026 3276 1134 3334 solvere-'¹

244 3348 346 3394 tiliam·
758 3386 760 3389 .
1134 3363 1139 3370 ¹
