2817 4267
454 385 608 449 Lrnra
648 403 907 450 secuunus.
1090 407 1129 471 73

204 553 216 580 ‚
255 494 304 558 hm
320 493 385 570 cst,
404 512 541 575 quonam
556 491 649 554 modo
669 494 822 553 hominum
836 492 929 554 studia
947 491 984 553 ad
997 491 1135 553 utilitates

193 613 219 647 2-
236 577 342 640 'rostras
362 576 491 636 allicere
506 591 594 654 atque
614 576 739 634 excitare
754 576 922 656 possimus:
942 596 1007 657 quae
1021 577 1045 634 si
1064 575 1136 634 lon·

194 691 221 726 :-
252 662 297 740 tior
315 659 411 720 fuerit
432 658 546 727 oratio,
564 675 632 716 curn
653 657 848 736 magnitudine
863 656 989 716 utilitatis
1009 677 1135 738 compa·

193 741 221 808 n·
251 759 328 818 tttur3
352 742 396 800 ita
420 735 556 799 fortassis
576 739 663 797 etiam
682 737 802 796 brevior
818 738 976 799 videbitur.

193 852 237 902 :s
279 845 321 884 ιι.
334 815 558 901 Quaecumqu'e
570 820 655 898 igitur
674 819 807 878 homines
819 818 932 879 homini
950 818 1078 880 tribuunt
1097 818 1136 880 ad

247 923 306 976 eum
317 901 498 986 augendum
517 917 605 979 atque
628 899 837 961 honellandum
848 945 859 973 ,
882 918 931 960 aut
950 900 1137 962 benevolen-

193 1014 203 1050 ,ι
248 986 395 1068 tiaegtatid
424 980 538 1041 faciunt
562 1001 650 1062 quum
673 981 769 1062 aliqua
803 983 840 1042 tle
861 978 941 1042 causa
967 987 1136 1065 quempiam

193 1095 210 1130 7,
248 1066 379 1148 dilignnr;
408 1081 460 1122 aut
484 1064 621 1135 honoris,
648 1064 672 1122 si
694 1062 776 1142 cujus
805 1065 944 1124 virtutem
964 1062 1137 1146 suspiciunt,

201 1157 203 1164 ⁵
245 1141 680 1290 lfll⁰ltll¹lli⁰l⁰l
698 1143 791 1285 ll?
800 1144 1139 1288 ,lille-{llll

193 1263 197 1280 ¹
222 1293 227 1300 ,
519 1291 522 1297 .
611 1268 620 1296 ἱ

225 1305 227 1312 ’
290 1313 417 1370 ittantur
429 1328 439 1380 ;
461 1325 512 1366 aut
532 1305 613 1384 cujus
631 1325 704 1386 opes
721 1323 872 1379 metuunt;
907 1325 956 1367 aut
976 1327 1095 1377 contra,
1121 1329 1139 1368 a

247 1461 251 1470 Ι
280 1395 287 1408 ”
310 1413 344 1450 us
361 1388 478 1470 aliquid
497 1386 680 1468 exspertum,
700 1404 731 1447 ut
753 1410 844 1470 quum
864 1408 948 1471 reges
968 1387 1139 1470 populares·

248 1493 280 1536 re
302 1473 445 1534 homines
467 1469 636 1550 largitiones
660 1469 769 1551 aliquas
791 1487 981 1551 proponunt;
1000 1489 1048 1531 aut
1072 1467 1140 1552 pos·

247 1555 353 1628 tremit,
369 1554 471 1635 pretio
488 1572 522 1610 ac
536 1549 671 1611 mercede
683 1550 841 1613 ducuntur:
859 1573 924 1634 quae
943 1552 1139 1614 sordidissima

249 1633 285 1696 eil
294 1635 342 1694 illa
352 1633 479 1716 quidem
496 1635 586 1705 ratio,
601 1632 632 1693 δι
648 1632 892 1714 inquinatissima,
912 1634 944 1697 δι
957 1634 1011 1705 iis,
1032 1638 1081 1718 qui
1102 1635 1140 1698 ei

252 1732 398 1788 tenentur,
419 1714 454 1776 δι
470 1714 550 1783 illis,
573 1713 622 1794 qui
635 1714 672 1773 ad
691 1734 755 1774 eam
768 1714 925 1796 confugere
944 1736 1094 1778 conantur.

287 1816 332 1858 ta.
353 1795 440 1856 Male
465 1791 591 1855 enimse
612 1813 657 1853 res
679 1794 785 1868 habet,
805 1818 915 1879 quum,
934 1799 1015 1878 quod
1026 1801 1138 1874 uirtute

196 1913 199 1944 ;
257 1875 445 1947 efficidebet,
471 1876 502 1936 id
523 1892 648 1935 tentatur
668 1877 802 1958 pecunii.
822 1876 881 1937 Sed
900 1880 1036 1956 quoniam
1058 1900 1140 1939 non·
1204 1917 1206 1922 ·

195 1991 206 2028 ι
257 1980 394 2042 nunquam
424 1954 667 2018 hoc'subsidium
688 1956 875 2019 necellarium
899 1956 957 2030 est;
994 1960 1140 2040 quemad·

193 2059 210 2109 ’,ς
259 2043 365 2104 modum
386 2041 424 2100 sit
447 2038 587 2098 utendum
605 2058 661 2108 eo,
679 2040 827 2112 dicemus,
843 2041 866 2099 si
885 2041 963 2119 prilts
982 2041 1016 2098 iis
1037 2040 1074 2101 de
1090 2061 1139 2101 re·

193 2153 214 2192 μ
261 2119 319 2198 ltus,
341 2143 354 2206 ς
379 2141 447 2204 quae
464 2119 564 2180 virtuti
577 2121 731 2201 propiores
753 2121 836 2196 sunt,
856 2121 1025 2180 dixerimus.
1037 2124 1140 2203 Atque

197 2233 219 2273 :a
263 2205 333 2265 etiam
352 2201 510 2279 subjiciunt
526 2200 553 2261 se
569 2201 703 2262 homines
725 2201 851 2281 imperio
871 2201 1007 2276 alterius,
1031 2205 1062 2266 dc
1079 2224 1138 2288 po·

265 2283 359 2358 elati,
382 2282 515 2366 pluribus
535 2283 572 2342 de
590 2285 700 2342 causis:
719 2285 862 2343 ducuntur
882 2284 960 2343 enim
976 2301 1024 2345 aut
1043 2286 1140 2349 bene-

193 2381 229 2435 ,ὴὲ
267 2366 398 2436 tolentiai,
432 2381 481 2425 aut
503 2361 713 2424 beneficiorum
734 2364 948 2447 magnitudine,
974 2383 1023 2427 aut
1040 2367 1139 2452 digni·

193 2477 234 2516 :2-
267 2449 315 2509 uis
337 2444 523 2532 praestantii,
545 2462 592 2504 aut
612 2444 681 2525 spe,
700 2446 754 2505 sibi
772 2448 801 2506 id
821 2446 892 2506 utile
910 2445 1059 2523 futurum3
1087 2467 1138 2512 aut

198 2541 236 2596 5,-
269 2545 347 2604 netu,
379 2548 419 2588 ne
445 2529 477 2586 vi
503 2545 602 2605 parere
626 2544 786 2607 cogantur3
809 2545 857 2587 aut
885 2527 934 2608 spe
957 2528 1137 2610 largitionis,

193 2637 237 2677 u:
268 2606 551 2701 promissionibusque
575 2608 673 2687 capti3
700 2626 748 2668 aut
772 2606 938 2690 postremo,
962 2609 982 2670 6
1007 2626 1038 2668 ut
1062 2608 1138 2692 saepe

193 2701 238 2758 tia
267 2691 389 2754 anostra
405 2688 558 2771 republica
576 2689 732 2761 videmus,
761 2691 897 2750 mercede
912 2688 1056 2750 condudli.

194 2785 231 2839 ui:
293 2771 356 2836 Vll.
381 2770 531 2833 Omnium
549 2786 645 2830 autem
672 2791 767 2830 rerum
787 2791 841 2830 nec
871 2771 964 2850 aptius
986 2769 1028 2830 est
1050 2770 1139 2851 quid-

193 2877 236 2918 :an
264 2872 332 2935 quam
358 2853 399 2915 ad
423 2873 499 2933 opes
522 2851 644 2911 tuendas
669 2873 702 2911 ac
727 2852 890 2922 tenendas,
923 2848 1009 2930 quim
1034 2851 1138 2937 diligi,

194 2959 234 2999 en
261 2953 304 2996 uec
319 2935 467 3003 alienius,
504 2931 592 3013 quim
616 2933 724 2994 timeri.
747 2931 884 2994 Praeclare
910 2935 986 2993 enim
1010 2931 1139 3000 Ennius:

261 3019 336 3096 Quem
360 3034 504 3086 metuunt,
530 3016 640 3075 oderunt
663 3035 671 3073 ε
701 3035 779 3094 quem
805 3015 916 3096 quisque
936 3017 1012 3090 odit,
1026 3019 1139 3158 lgeriiffi

262 3120 274 3156 e
318 3101 359 3160 tir.
383 3097 549 3158 Multorum
569 3112 666 3154 autem
685 3096 760 3155 odiis
781 3097 872 3155 nullas
892 3117 964 3176 opes
984 3120 1023 3179 po
1048 3103 1140 3162 eob-

194 3209 216 3240 -μ
273 3179 279 3194 “
331 3202 368 3255 e,
390 3181 416 3241 si
443 3194 528 3238 antea
549 3173 602 3237 fuit
622 3178 776 3259 ignotum,
799 3198 891 3260 nuper
913 3176 954 3239 est
978 3183 1142 3263 cognitum·

197 3255 227 3404 a?
290 3331 370 3404 ,Qua
389 3297 599 3395 vdutipropirres
612 3322 681 3401 sient.
746 3325 817 3376 olle
825 3325 886 3403 [kgr
897 3330 921 3376 in
933 3330 1009 3393 nostra
1022 3330 1140 3395 republica

214 3409 217 3414 ·
259 3395 313 3464 Qua
321 3399 394 3452 tonitr
402 3396 491 3449 stiores
502 3393 548 3442 sun·
560 3404 615 3442 cunt
629 3406 679 3441 vu·
714 3395 825 3444 videmus.
842 3392 963 3444 Dzllributl
979 3410 1020 3458 per
1039 3395 1139 3447 tributa

193 3417 217 3618 ἰ
257 3469 318 3528 tute,
337 3465 410 3534 quim
433 3473 547 3533 merces,
562 3457 681 3524 pretium,
715 3457 843 3510 candidatis
854 3459 1022 3526 magistratuum
1033 3460 1141 3526 pecuuil.

258 3525 347 3598 largitio.
944 3584 977 3647 D
