2817 4267
273 385 367 449 30²,
507 364 917 427 Tuscurnnnnum'
976 423 979 428 .

269 469 431 533 curandum
453 467 509 529 elle
532 468 597 550 p'ost
619 489 768 539 mortem,
796 491 816 545 4
836 472 902 529 cirm
919 465 1004 529 multi
1023 463 1154 525 inimicos

271 555 358 613 etiam
379 570 510 613 mortuos
532 554 705 632 poeniantur.
731 551 889 612 Execratur
902 548 1071 610 luculentis
1093 545 1152 605 sane

270 634 403 695 versibus
414 635 491 715 apud
505 632 630 693 Ennium
641 631 809 715 Thyestes,
822 632 947 713 primum
961 648 993 690 ut
1007 626 1153 708 naufragio

235 734 239 749 ¹
269 734 371 797 pereat
390 716 508 776 Atreus.
527 714 643 775 Durum
662 716 720 776 hoc
738 714 830 774 sane:
851 714 914 774 talis
926 714 1006 773 enim
1025 710 1152 769 interitus

269 794 384 858 nonest
405 795 463 856 stne
480 798 561 879 gravi
577 794 668 857 sensu.
689 795 741 856 llla
759 796 872 876 inania:
940 822 958 830 »-

266 901 329 982 Ipse
341 900 457 979 scammis
470 899 551 978 saxis
568 902 649 980 fixus
669 898 789 981 asperis,
807 899 1000 977 evisceratus,

267 987 363 1044 Latere
370 986 488 1064 pendens
497 1028 506 1058 ‚
513 982 725 1065 saxaspurgens
735 984 901 1057 tubo‚sanie
909 980 1080 1062 &sanguine
1092 994 1154 1038 atro.

267 1086 338 1148 Non
358 1087 418 1169 ipsa
439 1086 502 1145 saxa
520 1088 610 1168 magis
631 1085 712 1146 sensu
732 1087 814 1146 omni
826 1086 990 1159 vacabunt,
1007 1083 1154 1165 qultmille

230 1214 238 1240 p
267 1169 356 1229 latete
376 1170 533 1250 pendens,
563 1170 610 1227 cui
629 1165 658 1227 se
679 1169 725 1227 hic
745 1169 905 1227 cruciatum
924 1164 1023 1228 censet
1045 1182 1155 1247 optare.

267 1248 370 1329 Quim
388 1250 476 1310 ellent
491 1250 576 1323 dura,
598 1250 621 1309 si
639 1247 778 1312 sentiret!
798 1248 877 1309 nulla
892 1250 955 1308 sine
976 1246 1064 1308 sensu
1084 1246 1153 1309 sunt.

266 1330 344 1392 Illud
365 1334 438 1393 verb
458 1331 599 1414 perqultm
621 1332 725 1391 inane:

265 1438 362 1516 Neque
368 1436 539 1517 sepulcrum,
554 1457 607 1515 quo
620 1433 749 1514 recipiat,
765 1435 880 1507 lrabeat,
894 1454 1003 1514 portum
1020 1433 1149 1515 corporis:

268 1520 345 1592 Ubi,
361 1521 474 1578 remissi
495 1518 616 1576 hamund
631 1517 713 1587 vitri,
733 1537 828 1597 corpus
850 1517 998 1595 requiescat
1019 1517 1115 1577 malis.

262 1620 357 1683 Vides
376 1638 484 1703 quanto
507 1622 568 1680 haec
588 1623 617 1679 in
639 1640 738 1679 errore
749 1618 909 1697 ‘versentur
926 1642 933 1680 :
954 1639 1077 1702 portum
1097 1616 1149 1679 elle

262 1705 415 1783 corporis,
437 1702 468 1761 ἃ
487 1700 668 1782 requiescete
686 1703 715 1759 in
735 1698 869 1781 sepulcro
889 1718 972 1782 putat
993 1719 1149 1780 mortuum.

261 1782 371 1867 Magna
391 1784 475 1864 culpa
494 1782 633 1863 Pelopis,
657 1784 707 1863 qui
730 1803 790 1843 non
811 1782 946 1843 erudierit
964 1781 1078 1859 filiurn,
1097 1801 1148 1842 nec

260 1865 417 1936 docuerit,
446 1882 588 1945 quatenus
608 1861 677 1923 esset
697 1864 827 1945 quidque
847 1865 1017 1925 curandum.
1106 1925 1118 1932 a

302 1946 395 2007 XLV.
404 1945 462 2007 se'd
473 1947 541 2029 quid
549 1945 728 2027 singulorum
740 1947 895 2025 opiniones
904 1946 1148 2018 animadvertam,

260 2031 413 2091 nationum
423 2029 521 2089 varios
537 2045 651 2087 errores
663 2025 828 2108 perspicere
849 2028 916 2087 citm
934 2026 1042 2088 liceat?
1063 2025 1147 2087 Con·

260 2111 344 2171 diunt
354 2110 488 2191 AEgyptii
503 2126 654 2183 mortuos,
669 2108 702 2169 ὃ(
730 2128 782 2169 eos
802 2107 917 2169 servant
939 2109 1035 2172 domi.
1056 2107 1146 2168 Petlae

261 2194 350 2254 etiam
364 2212 376 2250 1
391 2191 459 2251 ceri
468 2189 643 2251 circumlitos
654 2189 798 2263 condunt,
811 2206 842 2250 ut
853 2190 942 2270 quim
951 2189 1157 2271 maximeperg

258 2288 394 2334 maneant
406 2271 540 2331 diuturna
550 2292 682 2351 corpora.
699 2270 858 2354 Magorum
867 2292 933 2331 mos
950 2270 1010 2345 est,
1025 2293 1086 2332 non
1099 2273 1146 2331 lnt-

258 2373 337 2414 mate
359 2372 486 2431 corpora
503 2350 637 2420 suorum,
661 2352 716 2411 nisi
735 2353 752 2413 ὲ
771 2352 842 2412 fetis
863 2354 920 2413 sint
944 2353 1011 2413 ante
1034 2354 1146 2413 laniata.

256 2432 291 2493 ln
304 2433 455 2513 Hyrcania
467 2432 550 2515 plebs
564 2434 696 2514 publicos
708 2431 755 2493 alit
768 2454 873 2508 canes;
892 2437 1068 2514 optimates,
1093 2435 1147 2495 do·

205 2543 208 2554 ¹
253 2513 404 2577 mesticos.
419 2513 529 2575 Nobile
540 2533 638 2576 autem
650 2535 741 2596 genus
755 2536 859 2576 canum
871 2516 944 2576 illud
952 2517 1060 2577 scimus
1074 2508 1144 2577 'esset

254 2595 307 2659 sed
324 2619 379 2679 pro
400 2597 448 2657 lua
469 2595 589 2678 quisque
606 2594 743 2657 facultate
757 2596 862 2678 parata
880 2597 986 2679 quibus
1001 2599 1145 2671 lanietur3

256 2699 381 2761 eamque
404 2680 548 2760 optimam
573 2675 616 2744 illi
644 2675 700 2739 esse
728 2678 845 2739 censent
863 2678 1048 2761 sepulturam.
1076 2678 1144 2739 Pet·

255 2760 411 2822 multaalia
421 2761 539 2842 collegit
550 2758 732 2841 Chtyfipus‚
747 2782 764 2821 2
786 2777 817 2821 ut
829 2758 870 2821 est
885 2762 913 2820 in
940 2763 1021 2822 omni
1032 2758 1145 2821 historia

255 2840 401 2904 curiosus:
415 2841 517 2903 sedita
533 2859 609 2903 tetra
620 2840 683 2902 sunt
695 2842 846 2923 quae'dam,
861 2858 893 2903 ut
906 2864 940 2903 ea
952 2842 1044 2925 fugiat
1057 2845 1091 2905 &
1104 2863 1145 2903 re·

252 2922 395 2985 formidet
415 2926 519 2985 oratio.
533 2944 548 3005 3
563 2922 661 2984 Totus
675 2925 762 3006 igitur
782 2925 828 2985 hic
850 2924 931 2985 locus
944 2924 993 2987 est
1013 2942 1145 2985 contem·

254 3005 369 3068 nendos
390 3008 420 3066 in
442 3005 547 3081 nobis,
567 3026 629 3067 non
651 3003 842 3088 negligendus
861 3008 891 3066 in
904 3005 1011 3067 nostris
1025 3027 1032 3066 :
1048 3008 1090 3066 ita
1103 3024 1144 3068 ta·

285 3131 585 3197 4C11mmultipaeaiantur.
593 3132 684 3199 Quam·
722 3170 724 3173 -
749 3147 762 3198 3
775 3132 850 3181 vTotas
866 3133 905 3184 liic
915 3134 997 3197 locus,
1016 3134 1069 3187 ἃς.
1080 3134 1143 3186 Tulit

252 3196 366 3251 vismulti
383 3197 486 3263 puniant.
715 3210 754 3248 cet
764 3198 858 3250 endroit
866 3200 899 3251 οὺ
917 3198 934 3250 il
954 3199 1062 3267 s’agitde
1075 3198 1145 3255 loue-

205 3276 213 3286 ’
289 3263 386 3330 icero,
399 3262 451 3313 διε.
461 3261 503 3313 Les
520 3261 607 3313 ferrent
615 3260 682 3327 apres
715 3263 788 3314 milles
800 3278 830 3315 ne
849 3262 900 3317 doit
917 3275 958 3331 pas
974 3277 1035 3316 nous
1050 3264 1142 3331 inquie-

253 3326 291 3382 les
306 3327 375 3378 avoir
392 3325 483 3379 enduits
499 3326 529 3377 tle
544 3328 605 3379 cire.-
678 3388 680 3392 ¹
714 3337 749 3381 ter
766 3342 826 3396 pout
842 3342 910 3381 nous.
925 3329 994 3381 Nous
1008 3345 1039 3382 ne
1051 3330 1142 3382 devotis

286 3409 302 3443 2
321 3390 355 3441 Ue
365 3392 396 3454 ιβ
405 3395 445 3453 in,
460 3392 510 3441 &c
522 3392 571 3458 Qui
587 3390 620 3444 eli
635 3390 682 3443 fort
713 3407 754 3459 pas
769 3406 829 3445 nous
843 3394 956 3462 inquietet
972 3394 1003 3450 de
1015 3409 1062 3451 uos
1078 3394 1143 3458 iuuit

252 3456 350 3530 eprieux
375 3458 417 3511 ties
438 3458 579 3511 recherches
605 3456 679 3511 hillo·
712 3458 804 3523 stilles,
820 3458 872 3516 &c-

254 3534 345 3587 ttqttes.
441 3535 446 3543 '
555 3541 560 3548 ·
