2817 4267
581 410 846 479 LrssuV.
1087 432 1146 499 321

254 518 437 609 iliqundm
456 535 505 583 aut
516 517 688 603 scripserim.
700 512 809 598 4Cum
819 520 883 582 aliis
896 516 951 583 isso
962 519 1074 596 modu,
1095 528 1146 603 qui

254 607 372 691 legibus
394 606 538 685 impositis
567 604 807 685 disputan12uos
836 605 865 663 iu
890 604 969 665 diem
999 606 1146 666 vivimus:

256 687 469 832 affigi?
474 683 1124 828 '1:2⁰‘E‘ssi0rz‘iflsstz5¹:31?23³¹⁵‘i‘;„¹'t3{{;⁵{{‚¹
1133 729 1146 759 ¹

257 791 268 830 Ι
290 851 431 931 quoniam
442 813 479 907 de
491 788 649 907 edistantir
662 847 748 925 paulo
765 848 831 907 ante
848 809 992 922 diximus,
1006 869 1067 909 non
1086 809 1145 931 ogd

258 870 316 992 zoe
331 931 403 991 loeo
414 930 445 988 id
456 929 643 1010 quaerendum
654 944 745 1017 puto,
758 948 900 988 verumne
910 929 946 988 sit
958 931 1037 1009 quod
1047 930 1145 991 Zeno·

259 1015 290 1073 ni
305 1010 703 1093 plicuerit,-quodquee1us
723 1008 848 1069 auditori
869 1009 1012 1082 Aristoni,
1032 1012 1144 1073 bonum

213 1125 225 1152 ε.
258 1112 325 1156 esse
344 1092 456 1162 solum,
486 1092 566 1171 quod
582 1086 735 1149 honestdm
750 1107 846 1151 esset:
866 1089 933 1164 sed,
955 1093 979 1150 si
992 1094 1030 1151 ita
1044 1112 1144 1166 esset,

258 1191 321 1235 tum
331 1192 366 1235 ut
375 1172 432 1233 hoc
443 1190 556 1243 totum,
575 1170 661 1231 beare
674 1173 796 1244 vivere,
815 1174 845 1230 in
865 1192 919 1231 una
931 1174 1038 1234 virtute
1053 1194 1145 1255 pone·

258 1274 313 1317 tet.
324 1252 429 1333 Quare
440 1252 544 1312 demus
556 1253 613 1313 hoc
628 1253 692 1312 iane
702 1250 811 1325 Bruto,
824 1269 855 1311 ut
870 1256 905 1313 sit
916 1253 1016 1313 beatus
1029 1254 1144 1335 semper

260 1335 372 1416 sapiens
390 1358 398 1396 :
415 1333 504 1416 quim
530 1334 585 1393 sibi
610 1335 789 1405 conveniat,
810 1333 871 1414 ipse
900 1334 1025 1394 viderit:
1051 1336 1144 1415 glorid

259 1418 380 1500 quidem
395 1416 480 1494 hujus
490 1413 638 1475 sententia
655 1412 777 1494 quis'est
788 1416 914 1475 ilioviro
925 1415 1061 1498 dignior?
1078 1414 1143 1477 Nos

259 1516 356 1559 tamen
373 1514 543 1567 teneamus,
565 1512 596 1554 ut
614 1497 651 1554 sit
667 1496 747 1555 idem
758 1497 953 1557 beatissimus.

298 1578 367 1658 xri.
377 1577 441 1638 Etsi
450 1577 533 1637 Zeno
545 1575 666 1637 Citiaeus
676 1621 686 1647 ,
697 1577 811 1637 advena
819 1578 935 1658 quidam
945 1621 955 1649 ‚
966 1578 1144 1661 &ignobilis

259 1662 420 1721 verborum
445 1658 567 1740 opifex,
588 1660 749 1718 insinuasse
775 1656 805 1719 se
826 1663 856 1719 in
875 1662 1021 1743 antiquam
1045 1661 1145 1741 philo-

259 1740 390 1823 sophiam
402 1741 517 1801 videtur
536 1762 546 1801 .·
566 1740 651 1817 hujus
671 1738 818 1800 sementia
839 1743 964 1825 gravitas
980 1742 997 1801 d
1016 1741 1145 1805 Platonis

258 1823 431 1884 austorirate
449 1839 623 1903 repetatur:
657 1821 734 1901 apud
759 1841 846 1901 quern
865 1821 940 1902 saepe
963 1823 1024 1884 haec
1049 1826 1145 1885 oratio

258 1903 396 1984 usurpata
424 1901 494 1976 est,
532 1919 564 1962 ut
596 1901 665 1960 nihil
696 1918 800 1980 ptaeter
833 1903 971 1963 virtutem
998 1904 1145 1965 diceretur

257 1986 372 2046 bonum
393 2005 401 2043 :
422 1982 504 2045 velut
524 1983 553 2041 in
568 1980 685 2063 Gorgia
702 1978 857 2053 Socrates,
876 1986 943 2043 cum
963 2002 1039 2044 esset
1058 2006 1093 2047 ex
1105 2005 1145 2046 eo

259 2063 434 2147 quesitum,
456 2064 634 2135 Archelaum
657 2063 800 2124 Perdiccae
813 2061 924 2138 filiurn,
943 2066 993 2145 qui
1007 2081 1066 2125 tum
1079 2064 1144 2127 sot·

257 2144 453 2208 tunatiffimus
468 2144 638 2218 haberetur,
657 2164 756 2204 nonne
771 2144 889 2205 beatum
907 2146 1041 2226 putaret?
1053 2148 1146 2207 Haud

253 2227 335 2309 scio,
354 2229 447 2309 inquit
458 2246 466 2286 t
476 2248 616 2307 nunquam
625 2226 695 2285 enim
705 2247 767 2285 curn
778 2247 808 2285 eo
822 2228 973 2288 collocutus
985 2226 1056 2307 sum.
1075 2229 1144 2289 Ain'

258 2310 317 2371 tu?
337 2314 374 2368 a'rt
392 2312 424 2372 tri
444 2308 527 2369 aliter
545 2309 575 2367 id
593 2306 742 2401 scireunon
756 2308 863 2388 potes?
882 2312 970 2372 Nullo
987 2312 1074 2371 modo.
1095 2307 1145 2371 Tu

259 2387 1147 2552 {efferiiEt‘t'iffi‘issijs‘n{emittis2233}

260 2557 374 2625 dorius,
394 2554 475 2635 qudm
493 2553 659 2611 virbonus?
679 2550 787 2629 Quid?
806 2568 837 2609 tu
856 2554 885 2610 in
898 2573 936 2612 eo
950 2554 1034 2613 sitam
1052 2557 1145 2614 vitam

258 2636 376 2697 beatam
403 2631 512 2714 putas?
544 2635 590 2693 Ita
613 2630 719 2711 prorfits
739 2634 880 2711 existimo,
901 2636 1008 2705 bonos,
1031 2636 1146 2695 braiosa

259 2717 414 2796 improbos,
436 2713 551 2793 miseros.
573 2712 661 2773 Miser
673 2732 745 2793 ergo
760 2712 1038 2786 Ατώεῐείὶεέίιηὶ,
1054 2716 1083 2793 fi
1101 2717 1147 2775 t'n·

254 2797 357 2882 justus.
386 2796 551 2856 Viderurne
574 2814 693 2854 omnem
714 2794 761 2853 hic
783 2793 898 2853 beatam
924 2795 1015 2855 uitam
1042 2797 1071 2855 in
1090 2817 1147 2858 una

260 2882 373 2939 virtute
394 2878 526 2959 ponere?
546 2873 631 2954 Quid
649 2875 722 2934 verb
739 2874 768 2934 in
783 2873 959 2957 Epitaphio?
981 2898 1041 2958 quo
1054 2878 1148 2938 modo

261 2960 400 3037 idemdr
423 2956 500 3019 Nam
523 2960 570 3019 cui
587 2960 667 3056 uiro,
687 2958 800 3037 inquit,
820 2977 856 3018 ex
875 2956 903 3019 se
918 2956 981 3039 ipso
1000 2973 1068 3040 apta
1086 2958 1150 3021 suut

297 3119 314 3168 4
334 3107 391 3154 Cum
414 3103 488 3162 ariis.
511 3104 562 3154 dte.
590 3101 615 3152 {d
637 3100 689 3162 est,
757 3117 766 3152 r
787 3100 850 3151 Nom
870 3106 909 3152 cui
927 3106 995 3163 uiro,
1020 3104 1072 3156 dre.
1101 3103 1151 3155 Car

260 3171 359 3231 aueisto
367 3167 442 3222 modo
451 3183 504 3219 rum
514 3168 563 3218 aliis
573 3167 628 3233 qui,
639 3167 689 3216 dre.
723 3166 850 3226 tuotone,
866 3166 945 3229 dit-il,
969 3168 1009 3234 qui
1027 3168 1096 3220 riche
1118 3167 1150 3220 de

263 3235 331 3289 User-
339 3250 368 3287 en
385 3234 415 3286 de
430 3234 452 3285 la
462 3233 533 3286 r'otte
551 3245 611 3283 avec
630 3244 690 3283 ceux
724 3243 820 3281 trouver
839 3232 895 3284 dans
911 3232 953 3284 son
973 3246 1059 3299 propre
1075 3232 1151 3295 fond,

263 3304 303 3369 qui
322 3299 436 3363 epousent
456 3293 497 3350 der
517 3298 634 3365 sustentes.
725 3307 775 3345 tout
788 3310 816 3347 ee
827 3310 873 3363 que
886 3297 936 3349 l’ou
947 3296 980 3349 dit
996 3312 1081 3364 propre
1090 3311 1152 3360 pour

298 3378 308 3427 ς
335 3365 508 3428 ouont'aqrdt,
531 3364 580 3415 dte.
595 3360 692 3427 Puisque
725 3361 926 3421 viureheoreun.
945 3364 994 3413 sans
1009 3360 1152 3413 erreobiie

262 3444 325 3483 nous
337 3420 433 3481 Venons
453 3430 483 3481 de
504 3429 552 3481 dire
570 3428 624 3495 qu'il
646 3426 693 3478 faut
724 3426 754 3478 de
765 3426 881 3492 dipendre
891 3428 979 3479 tudela
990 3377 1153 3483 fortinerii·

264 3496 354 3619 mii
369 3497 416 3551 1'ou
426 3494 532 3550 rarioris
543 3494 693 3562 consequent·
726 3493 820 3561 caprice
831 3491 940 3552 d’rutrui.
952 3492 1006 3550 dre.

334 3596 344 3622 ,
834 3582 836 3587 -
1059 3593 1062 3597 .

896 3618 929 3686 0
946 3641 968 3701 r
