2817 4267
532 415 869 484 Pentnoxti
1076 431 1136 499 ²⁴5

256 522 393 605 spuerunt·
409 525 585 608 pecuniam:
610 543 748 608 quantum
766 527 845 587 enim
865 520 969 604 cuique
986 537 1061 604 opus
1080 521 1137 592 est,

254 609 292 666 ad
315 609 346 669 id
364 607 622 677 accommodatur,
640 624 671 667 ut
696 625 760 667 ante
788 607 868 675 dixi,
886 605 1049 665 divitiarum
1070 623 1137 662 nro·

256 688 320 748 dus.
341 686 408 766 Qui
425 690 509 769 igitur
528 708 587 748 non
606 684 677 746 filias
696 688 813 768 plures,
840 685 890 745 sed
912 684 1137 744 innumerabiles

254 770 426 847 cupiditates
448 769 555 840 habet,
574 789 638 848 quae
651 769 736 828 brevi
755 785 890 847 tempore
906 768 1041 825 maximas
1056 784 1069 844 5
1085 785 1136 824 co·

256 850 315 926 pias
326 850 479 908 exhaurire
498 849 628 929 pessima
643 848 720 910 hunc
742 848 894 928 quomodo
905 867 960 929 ego
981 867 996 905 a
1039 846 1135 906 ellabo

258 928 395 1000 divitem,
419 947 509 1010 quum
526 928 587 1010 ipse
605 932 692 988 etiam
703 948 789 1010 egere
808 927 837 989 se
855 926 975 988 sentiat?
1034 926 1084 986 ulti
1099 947 1136 985 ex

258 1022 287 1067 te
304 1010 475 1082 audierunt,
495 1030 583 1090 quum
602 1010 733 1079 diceres,
757 1012 904 1069 neminem
923 1007 978 1068 esse
998 1008 1135 1081 divitem,

258 1089 311 1146 ¹nisi
325 1093 374 1170 qui
387 1092 547 1150 exercitum
558 1091 634 1149 alere
645 1088 738 1171 posset
748 1089 802 1150 suis
819 1088 954 1149 sruslibus
963 1109 981 1161 'r
991 1088 1068 1168 quod
1084 1108 1136 1167 po·

261 1170 337 1248 pulus
360 1169 509 1231 Romanus
528 1172 611 1229 rantis
625 1170 811 1251 vestigalibus
824 1169 996 1250 jampridem
1009 1169 1059 1227 vix
1079 1190 1136 1248 po·

263 1247 319 1320 test.
335 1249 414 1332 Etgo
430 1253 486 1312 boc
506 1252 676 1331 proposito,
694 1272 852 1330 numquam
873 1252 929 1311 eris
949 1249 1032 1309 dives
1050 1266 1136 1321 anre,

258 1329 341 1410 ¹quim
366 1333 419 1392 ribi
448 1352 485 1391 ex
501 1334 556 1392 tuis
577 1333 808 1411 possessionibus
830 1349 940 1391 tantum
971 1325 1136 1401 reficiatur,

264 1426 291 1470 ut
300 1429 335 1471 eo
345 1414 420 1472 tueri
432 1411 479 1472 sex
491 1414 640 1493 legiones,
653 1415 685 1475 δι
696 1433 799 1494 magna
814 1414 943 1498 equitpm
957 1431 989 1469 ac
1004 1409 1136 1489 peditum

264 1492 356 1552 sutilia
366 1496 471 1573 possis.
481 1490 544 1552 Jam
555 1492 650 1552 fateris
661 1496 746 1575 igitur
758 1513 817 1553 non
827 1491 883 1554 esse
895 1510 924 1554 te
938 1492 1078 1560 divitem,
1089 1491 1136 1550 cui

264 1571 361 1632 borum
374 1573 467 1644 desit,
477 1592 509 1634 ut
519 1574 635 1653 expleas
645 1576 693 1646 id,
703 1575 784 1656 quod
794 1577 926 1655 exoptas.
935 1573 1040 1652 ltaque
1052 1570 1137 1631 illam

263 1668 473 1734 paupertatem,
494 1655 661 1733 vebpotibs
683 1654 838 1735 egestatem
861 1676 894 1716 ac
917 1655 1134 1718 mendicitatem

263 1747 332 1794 tuam
352 1734 372 1794 6
394 1754 552 1813 numquam
571 1733 692 1798 obscure
711 1737 806 1797 tulisti.

294 1812 332 1875 ll.
347 1811 425 1874 Nam
446 1833 477 1875 ut
497 1817 552 1888 iis,
572 1818 620 1896 qui
643 1816 764 1876 honeste
787 1836 850 1877 rem
872 1833 1001 1897 quaerunt
1022 1836 1135 1884 merca·

263 1895 322 1953 turis
334 1893 519 1967 saciendis,1
540 1898 637 1974 operis
656 1897 772 1970 dandis,
794 1918 810 1958 2
830 1896 951 1977 publicis
968 1895 1134 1969 sumendis,

262 1972 439 2058 intelligimus
456 1997 531 2056 opus
545 1974 601 2036 esse
617 1998 630 2058 3
648 1980 791 2060 quaesito;
809 1979 868 2047 sic,
886 1979 936 2058 qui
954 1978 1036 2038 videt
1053 1976 1136 2036 domi

237 2057 245 2068 “
262 2067 309 2116 tuae
320 2058 427 2136 pariter
443 2055 642 2118 accusatorum
664 2077 751 2140 atque
770 2056 932 2136 judicum4
951 2056 1135 2120 consociatos

261 2152 302 2214 gre
322 2155 371 2211 es,
403 2138 455 2217 qui
477 2156 616 2199 nocentes
640 2141 673 2200 δι
697 2138 867 2220 pecuniosos
888 2158 955 2199 teos
979 2137 1086 2200 eodem
1103 2153 1134 2199 te
1182 2165 1185 2170 ·

259 2156 367 2279 sudore
386 2219 582 2299 corruptelam
599 2218 699 2297 judicii
720 2221 896 2293 molientes,
912 2220 963 2301 qui
983 2238 1045 2281 ruas
1060 2239 1135 2280 mer·

258 2297 354 2380 redum
386 2297 567 2379 passionesp
599 2304 630 2359 in
653 2304 838 2380 patrociniis,
863 2301 883 2362 6
909 2303 1134 2365 intercessiones

273 2380 435 2439 ecuniarum
449 2381 478 2438 in
494 2382 667 2441 coitionibus
686 2383 925 2454 candidatorum,
948 2385 1134 2446 dimissiones

265 2460 270 2472 '
307 2477 419 2521 trorum
441 2461 477 2520 ad
499 2460 719 2522 desoenetandas
749 2462 979 2543 diripiendasque
1009 2469 1133 2542 provin-

255 2540 323 2615 tias;
335 2543 387 2623 qui
398 2542 584 2621 expulsiories
595 2544 776 2615 vicinorum,
788 2545 837 2624 qui
847 2543 994 2604 latrocinia
1005 2547 1035 2602 in
1044 2548 1131 2625 agris,

254 2623 296 2699 qui
316 2641 384 2682 cum
405 2621 514 2695 servis,
532 2644 599 2682 curn
617 2624 748 2698 libertis,
773 2644 839 2683 curn
870 2624 1023 2684 clientibus
1043 2646 1063 2700 7
1084 2625 1131 2685 so·

254 2702 384 2773 cietates,
404 2706 454 2785 qui
472 2702 666 2785 possessiones
687 2725 813 2775 vacuas,
842 2705 891 2785 qui
909 2701 1132 2784 proscriptiones

281 2845 292 2892 5
309 2831 408 2900 copias.
423 2829 532 2883 Diuitias.
703 2809 902 2893 cusatent,⁵alios
914 2842 939 2883 ut
954 2843 1067 2885 nocentes
1086 2832 1132 2885 ab·

275 2895 443 2962 bNuotquant
458 2895 558 2961 obscurs.
574 2895 672 2963 Semper
703 2897 829 2949 solverent.
922 2919 925 2924 ·

249 2958 327 3023 eelim.
739 2962 790 3024 tls
803 2967 956 3030 patrociniis.
973 2962 1066 3030 Nempe
1084 2962 1131 3016 sus·

279 3039 289 3074 r
326 3024 414 3091 Operis
453 3026 548 3079 dandis.
579 3026 671 3088 Operas
703 3028 1058 3094 cipiendis,itt-repartonum,
1082 3031 1129 3083 atl-

248 3086 328 3139 dabant
361 3088 495 3144 ublicanis‚
524 3090 563 3155 qui
589 3092 619 3141 ab
644 3094 671 3141 iis
704 3106 814 3144 vocatum
833 3095 972 3159 profitearis.

246 3104 426 3228 pmficiebantut
461 3156 564 3206 orloriis.
736 3159 753 3207 6
774 3157 954 3209 Intercessitmes
970 3164 1129 3227 pecuniarum.

276 3168 668 3332 zpuusctsssmmusssondu·
701 3219 843 3275 Intercessie
863 3228 966 3290 pecunie
991 3226 1031 3287 lit,
1057 3240 1126 3290 quum

246 3281 322 3334 tendis
336 3282 424 3348 vestiga
434 3284 494 3334 rbus.
536 3306 540 3312 ·
701 3287 753 3350 quis
771 3288 884 3350 pecunia·
899 3291 928 3341 ab
951 3289 996 3340 alio
1017 3291 1127 3354 promisso

275 3357 288 3411 3
311 3347 428 3417 Quasito.
449 3346 555 3413 Quellu.
602 3367 607 3374 ·
700 3349 787 3401 vadem
808 3354 848 3417 se,
869 3353 1004 3421 interpositi
1021 3352 1067 3404 fide
1087 3352 1126 3403 sud

274 3427 291 3472 4
314 3412 468 3476 conficiatos
486 3429 572 3478 greges.
596 3413 667 3480 Quos
700 3417 826 3470 constituit.
1019 3475 1022 3480 ,

244 3473 341 3540 accepts
358 3476 455 3538 pecunie
474 3478 561 3528 crallus
581 3476 666 3529 subot-
732 3496 748 3541 7
778 3481 917 3548 Sociesares.
952 3482 1125 3550 Negotiationis

242 3537 328 3602 nabet,-
345 3541 403 3595 elios
423 3553 447 3602 ut
466 3542 601 3600 innocentes
622 3558 664 3600 ac·
687 3543 785 3622 ,causb'

860 3609 963 3692 'Liij
1043 3603 1110 3620 “’
