2817 4267
452 403 905 471 Ltaanrnrntus.
1081 423 1121 487 ²9

194 557 196 564 .
242 505 309 571 titnb
325 523 433 570 natura
453 507 600 590 seqnitur,
620 511 650 568 in
670 507 748 569 faciit
790 510 896 570 ositum
912 505 1034 578 ,nonin
1057 508 1122 589 glo·

243 589 429 670 dejudicat,
453 592 672 671 principemque
693 588 723 649 se
741 610 755 649 e
781 588 943 658 emacult,
966 587 1054 671 quim
1071 591 1123 649 vi-

244 670 304 733 deri.
312 671 436 732 Etenim
457 672 507 751 qui
525 691 561 729 ex
576 688 673 731 errore
690 671 831 750 irnpetitae
852 670 1040 730 multitudinis
1052 688 1124 748 peu·

246 751 308 825 det,
319 754 372 811 bic
391 754 424 810 in
442 752 557 841 magnis
578 752 646 812 vitis
663 770 724 809 non
742 747 782 810 est
802 749 960 810 habendus.
974 749 1122 809 Facillime

250 847 329 892 autem
343 833 384 891 ad
406 852 456 893 res
474 830 592 909 injustas
610 831 789 910 impellitur,
810 847 842 889 ιιι
853 829 971 911 quisque
981 830 1123 891 altissimo

254 912 329 974 animo
342 911 412 984 est,
436 910 539 991 gloriae
554 912 729 991 cupiditate:
747 910 796 991 qui
815 930 829 991 3
852 910 933 970 locus
945 908 986 972 est
997 910 1061 971 sane
1073 911 1122 980 lu·¹

213 1047 216 1054 .
254 989 346 1064 dn'tus,
371 992 459 1074 quod
478 992 530 1051 vix
547 991 711 1060 invenitur,
730 991 781 1071 qui
799 990 946 1052 laboribus
954 988 1120 1071 susceptis,

248 1072 426 1154 periculisque
434 1071 601 1154 aditis,non
610 1065 968 1151 quasimercedemretilm
978 1070 1122 1153 gestatum

245 1151 378 1213 desideret
400 1153 539 1233 gloriam.

278 1231 340 1295 XX.
362 1230 505 1293 Oninino
528 1229 614 1293 fortis
634 1231 744 1291 animur
762 1272 772 1303 ,
793 1230 825 1294 δι
850 1251 971 1313 magnus
983 1274 993 1303 ,
1008 1230 1121 1292 duabus

247 1310 317 1372 rebus
330 1314 461 1373 maxime
479 1314 624 1385 cernitur3
646 1329 766 1392 quarunt
784 1331 841 1372 una
860 1312 891 1370 in
913 1331 1009 1371 rerum
1027 1328 1126 1371 exten.

220 1411 223 1438 ι
246 1410 333 1452 utrum
355 1393 551 1473 despicientia
568 1394 705 1471 ponitur,
724 1407 819 1472 quum·
833 1390 995 1471 persuasum
1008 1393 1045 1450 sit
1057 1434 1066 1463 ‚
1079 1393 1123 1451 ni·

247 1469 278 1530 ltil
295 1474 450 1533 hominem
472 1517 482 1545 ,
498 1473 554 1531 nisi
574 1472 656 1552 quod
673 1471 827 1534 honestum
847 1472 1044 1553 decorumque
1062 1473 1135 1541 sir,

247 1568 284 1610 aut
294 1554 431 1630 admirari
445 1597 456 1623 ,
470 1570 519 1612 aut
531 1569 650 1632 optate,
666 1570 715 1614 aut
727 1571 865 1633 expetere
877 1570 1014 1634 oportere
1026 1574 1036 1625 ς
1050 1551 1121 1613 nul·

246 1631 308 1712 lique
328 1654 429 1713 neque
447 1633 579 1704 bomini,
602 1652 698 1713 neque
715 1635 923 1713 perturbationi
936 1635 1043 1705 animi,
1064 1653 1120 1696 nec

245 1708 355 1773 fortunae
376 1712 579 1773 succumbere.
596 1712 698 1772 Altera
713 1713 753 1774 est
773 1732 834 1787 tes,
852 1732 905 1789 ut,
921 1736 1010 1795 quum
1029 1719 1067 1776 ita
1080 1717 1120 1775 sie
1206 1747 1207 1751 ,

245 1790 346 1853 adedlus
363 1796 489 1861 animo,
505 1810 536 1851 ut
552 1791 730 1872 supradixi,
752 1815 798 1856 ter
818 1814 899 1875 getas
919 1816 1034 1876 magnas
1055 1796 1119 1855 illas

245 1873 374 1951 quidem,
394 1874 430 1934 δι
441 1873 566 1932 maxime
578 1872 676 1943 utiles,
690 1873 742 1933 sed
759 1875 793 1936 δι
810 1875 1002 1935 vehementer
1017 1874 1120 1936 arduas

193 1991 195 1995 ι
242 1953 390 2035 plenasque
401 1953 578 2014 laborum&
587 1953 780 2032 periculorum
791 1970 853 2013 tunt
866 1954 933 2014 vitae
945 1996 955 2026 ‚
975 1970 1035 2013 tum
1046 1954 1121 2023 mul·⁴

193 2054 196 2062 ’
243 2046 321 2094 urum
331 2053 455 2101 return,
475 2054 539 2113 quac
550 2033 588 2092 ad
599 2035 688 2093 vitant
701 2036 857 2113 pertinent.
1144 2108 1147 2111 ἢ

274 2114 319 2191 67.
341 2114 460 2173 Harum
478 2133 574 2186 terunt
588 2109 716 2173 'duarum
741 2112 877 2192 splendor
898 2112 992 2172 omnis
1011 2112 1043 2174 &
1061 2118 1121 2174 atu-¹

213 2207 219 2238 -·
241 2192 345 2270 plitudo
363 2236 373 2265 ‚
393 2193 474 2253 addo
488 2195 574 2254 etiam
586 2195 756 2264 utilitatem,
776 2190 1119 2274 inposterioreest3cau·

241 2271 376 2334 {cautent
394 2274 429 2335 &
446 2276 528 2333 ratio·
536 2270 664 2335 efficiens
682 2292 803 2353 magnos
819 2276 916 2344 viros,
931 2272 973 2334 est
990 2276 1018 2334 in
1039 2276 1118 2355 ptio-

239 2372 274 2412 te.
297 2355 331 2413 ln
351 2354 491 2413 eoenim
508 2352 548 2413 est
568 2354 661 2429 illud,
686 2355 766 2433 quod
785 2354 960 2414 excellentes
981 2356 1116 2429 animos,

239 2432 267 2493 dc
285 2434 413 2493 humana
433 2451 652 2493 contemnentes
669 2432 756 2493 facit:
774 2435 804 2494 id
820 2453 916 2494 autern
933 2434 1026 2514 ipsum
1045 2456 1118 2504 cerff

194 2551 195 2556 κ
239 2517 310 2573 uitur
331 2516 362 2573 in
381 2512 518 2585 duobus,
533 2516 556 2572 si
571 2516 603 2574 dc
615 2513 705 2573 solum
723 2513 775 2584 id,
800 2516 880 2595 quod
895 2513 1046 2574 honesturn
1059 2517 1116 2588 sit,

194 2637 196 2652 t
239 2592 570 2665 bonumiudices‚&ab
580 2596 658 2653 omni
668 2596 754 2653 animi
765 2595 1118 2673 perturbationelibersis.

240 2671 312 2735 Nam
324 2676 359 2735 &
368 2694 421 2745 ea,
432 2694 496 2754 quae
509 2676 615 2733 eximia
624 2675 766 2754 plerisque
775 2676 807 2735 δι
820 2675 1117 2753 praeclaravidentut,

238 2772 322 2832 parra
332 2755 462 2825 ducere,
478 2773 570 2834 eaque
587 2756 696 2815 ratione
715 2754 805 2813 stabili
821 2752 963 2833 firmique
981 2774 1117 2815 contem-

239 2854 325 2906 nere,
340 2834 425 2896 iortis
437 2836 524 2896 animi
535 2837 689 2915 magnique
700 2834 864 2906 ducendum
875 2832 930 2905 cst,
943 2835 975 2895 ὅ(
986 2854 1038 2907 ea,
1050 2856 1116 2914 quae

238 2917 373 2976 videntur
382 2915 505 2989 acerba,
519 2937 583 2995 quae
602 2916 736 2976 multa&
754 2916 839 2985 varia¹
851 2917 880 2974 in
894 2913 1043 2976 hominurn
1055 2918 1116 2980 vita

239 2992 410 3078 fortunaque
423 2996 590 3066 tretsa'ntur,
607 2997 645 3054 ita
663 2994 738 3056 ferte
758 3013 789 3055 ut
808 2997 879 3055 nihil
896 2995 994 3057 astatu
1006 3014 1115 3060 naturae

241 3074 386 3145 discedas,
405 3076 503 3136 nihile
516 3076 653 3157 dignitate
666 3074 821 3157 sapientis,
835 3075 943 3139 robusti
954 3080 1042 3137 aninti
1052 3078 1112 3150 est,

242 3154 600 3297 maddwdncddstdbbffm
618 3233 860 3307 consentaneum,
879 3238 927 3318 qui
950 3253 1029 3298 metu
1053 3255 1114 3297 non

204 3375 207 3384 ,
243 3310 409 3398 frangatur,
429 3336 498 3378 eum
519 3314 609 3398 frangi
630 3316 809 3400 cupiditatej
828 3336 882 3379 nec
904 3320 954 3400 qui
972 3314 1113 3378 invidum

271 3456 364 3524 tlorrn
374 3460 405 3525 est
405 3436 467 3527 lini
474 3458 584 3516 lubricus,
592 3457 617 3512 ln
626 3473 674 3528 quo
679 3460 777 3529 proinde
784 3459 851 3514 multi
858 3459 994 3514 labuntur&
1003 3469 1113 3526 peccant.

919 3547 942 3612 Β
956 3546 987 3633 iij
