<?xml version="1.0" encoding="UTF-8"?>
<!DOCTYPE html PUBLIC "-//W3C//DTD XHTML 1.0 Transitional//EN"
    "http://www.w3.org/TR/xhtml1/DTD/xhtml1-transitional.dtd">
<html xmlns="http://www.w3.org/1999/xhtml" xml:lang="en" lang="en">
 <head>
  <title>
</title>
<meta http-equiv="Content-Type" content="text/html;charset=utf-8" />
  <meta name='ocr-system' content='tesseract 3.04.00' />
  <meta name='ocr-capabilities' content='ocr_page ocr_carea ocr_par ocr_line ocrx_word'/>
</head>
<body>
  <div class='ocr_page' id='page_1' title='image "./selectaoperaphi00cicegoog_0074.png"; bbox 0 0 2817 4267; ppageno 0'>
   <div class='ocr_carea' id='block_1_1' title="bbox 268 336 921 477">
    <p class='ocr_par' dir='ltr' id='par_1_1' title="bbox 268 336 921 477">
     <span class='ocr_line' id='line_1_1' title="bbox 268 336 921 477; baseline -0.008 -21"><span class='ocrx_word' id='word_1_1' title='bbox 268 392 315 477; x_wconf 67' lang='lat'>7⁸</span> <span class='ocrx_word' id='word_1_2' title='bbox 432 389 440 402; x_wconf 83' lang='lat'><em>&#39;</em></span> <span class='ocrx_word' id='word_1_3' title='bbox 507 356 586 456; x_wconf 71' lang='lat' dir='ltr'>Do</span> <span class='ocrx_word' id='word_1_4' title='bbox 620 336 921 468; x_wconf 31' lang='lat' dir='ltr'>Oatrlcrrs,</span> 
     </span>
    </p>
   </div>
   <div class='ocr_carea' id='block_1_2' title="bbox 196 491 1136 3439">
    <p class='ocr_par' dir='ltr' id='par_1_2' title="bbox 196 491 1136 3029">
     <span class='ocr_line' id='line_1_2' title="bbox 265 491 1136 578; baseline -0.002 -18"><span class='ocrx_word' id='word_1_5' title='bbox 265 494 449 570; x_wconf 78' lang='lat' dir='ltr'>ueliteotiae,</span> <span class='ocrx_word' id='word_1_6' title='bbox 474 494 608 576; x_wconf 78' lang='lat' dir='ltr'>justitiae,</span> <span class='ocrx_word' id='word_1_7' title='bbox 627 494 718 575; x_wconf 80' lang='lat' dir='ltr'>fidei,</span> <span class='ocrx_word' id='word_1_8' title='bbox 739 497 932 578; x_wconf 86' lang='lat' dir='ltr'>omniumque</span> <span class='ocrx_word' id='word_1_9' title='bbox 951 491 1136 558; x_wconf 77' lang='lat' dir='ltr'>eatum&#39;vittt</span> 
     </span>
     <span class='ocr_line' id='line_1_3' title="bbox 202 576 1136 659; baseline -0.001 -18"><span class='ocrx_word' id='word_1_10' title='bbox 202 611 204 618; x_wconf 92' lang='grc'><strong><em>·</em></strong></span> <span class='ocrx_word' id='word_1_11' title='bbox 267 577 353 654; x_wconf 81' lang='lat' dir='ltr'>tuna,</span> <span class='ocrx_word' id='word_1_12' title='bbox 370 600 434 659; x_wconf 82' lang='lat' dir='ltr'>quae</span> <span class='ocrx_word' id='word_1_13' title='bbox 474 581 598 639; x_wconf 88' lang='lat' dir='ltr'>ertinetrt</span> <span class='ocrx_word' id='word_1_14' title='bbox 614 579 652 638; x_wconf 89' lang='lat' dir='ltr'>ad</span> <span class='ocrx_word' id='word_1_15' title='bbox 672 578 922 652; x_wconf 85' lang='lat' dir='ltr'>mansuetudinem</span> <span class='ocrx_word' id='word_1_16' title='bbox 938 597 1053 640; x_wconf 89' lang='lat' dir='ltr'>morum</span> <span class='ocrx_word' id='word_1_17' title='bbox 1068 576 1136 640; x_wconf 76' lang='lat' dir='ltr'>aeft</span> 
     </span>
     <span class='ocr_line' id='line_1_4' title="bbox 267 658 1136 742; baseline 0.001 -21"><span class='ocrx_word' id='word_1_18' title='bbox 267 662 416 722; x_wconf 78' lang='lat' dir='ltr'>uilitatem.</span> <span class='ocrx_word' id='word_1_19' title='bbox 462 662 551 720; x_wconf 83' lang='lat' dir='ltr'>terrim</span> <span class='ocrx_word' id='word_1_20' title='bbox 572 660 645 721; x_wconf 90' lang='lat' dir='ltr'>illud</span> <span class='ocrx_word' id='word_1_21' title='bbox 662 659 777 742; x_wconf 84' lang='lat' dir='ltr'>ipsum,</span> <span class='ocrx_word' id='word_1_22' title='bbox 822 660 882 720; x_wconf 80' lang='lat' dir='ltr'>uo&#39;d</span> <span class='ocrx_word' id='word_1_23' title='bbox 900 658 1054 722; x_wconf 80' lang='lat' dir='ltr'>honestum</span> <span class='ocrx_word' id='word_1_24' title='bbox 1069 658 1136 722; x_wconf 76' lang='lat' dir='ltr'>decc</span> 
     </span>
     <span class='ocr_line' id='line_1_5' title="bbox 222 741 1136 823; baseline -0.004 -20"><span class='ocrx_word' id='word_1_25' title='bbox 222 817 224 822; x_wconf 18' lang='lat' dir='ltr'>s</span> <span class='ocrx_word' id='word_1_26' title='bbox 269 761 393 823; x_wconf 81' lang='lat' dir='ltr'>rumque</span> <span class='ocrx_word' id='word_1_27' title='bbox 412 742 552 814; x_wconf 88' lang='lat' dir='ltr'><strong>dicimus,</strong></span> <span class='ocrx_word' id='word_1_28' title='bbox 571 745 639 821; x_wconf 88' lang='lat' dir='ltr'>quia</span> <span class='ocrx_word' id='word_1_29' title='bbox 650 763 704 823; x_wconf 85' lang='lat' dir='ltr'>per</span> <span class='ocrx_word' id='word_1_30' title='bbox 722 742 751 804; x_wconf 89' lang='lat' dir='ltr'>se</span> <span class='ocrx_word' id='word_1_31' title='bbox 772 744 858 818; x_wconf 79' lang='lat' dir='ltr'>ooit</span> <span class='ocrx_word' id='word_1_32' title='bbox 874 741 968 823; x_wconf 85' lang='lat' dir='ltr'>placet</span> <span class='ocrx_word' id='word_1_33' title='bbox 987 741 1136 822; x_wconf 69' lang='lat' dir='ltr'>auimolqu</span> 
     </span>
     <span class='ocr_line' id='line_1_6' title="bbox 269 822 1136 905; baseline 0.007 -24"><span class='ocrx_word' id='word_1_34' title='bbox 269 824 517 886; x_wconf 81' lang='lat' dir='ltr'>omnium-naturai</span> <span class='ocrx_word' id='word_1_35' title='bbox 535 824 567 885; x_wconf 89' lang='lat'>&amp;</span> <span class='ocrx_word' id='word_1_36' title='bbox 581 824 675 905; x_wconf 87' lang='lat' dir='ltr'>specie</span> <span class='ocrx_word' id='word_1_37' title='bbox 693 822 744 886; x_wconf 75' lang='lat' dir='ltr'>sua</span> <span class='ocrx_word' id='word_1_38' title='bbox 760 843 951 893; x_wconf 87' lang='lat' dir='ltr'>commovet,</span> <span class='ocrx_word' id='word_1_39' title='bbox 971 822 1136 903; x_wconf 68' lang='lat' dir='ltr'>marrimdqu</span> 
     </span>
     <span class='ocr_line' id='line_1_7' title="bbox 270 904 1136 992; baseline 0.002 -28"><span class='ocrx_word' id='word_1_40' title='bbox 270 906 353 986; x_wconf 83' lang='lat' dir='ltr'>quasi</span> <span class='ocrx_word' id='word_1_41' title='bbox 369 905 499 992; x_wconf 75' lang='lat' dir='ltr'>perlucet</span> <span class='ocrx_word' id='word_1_42' title='bbox 511 927 546 966; x_wconf 85' lang='lat' dir='ltr'>ex</span> <span class='ocrx_word' id='word_1_43' title='bbox 559 908 612 976; x_wconf 78' lang='lat' dir='ltr'>iis,</span> <span class='ocrx_word' id='word_1_44' title='bbox 634 926 710 988; x_wconf 71' lang='lat' dir='ltr'>quae</span> <span class='ocrx_word' id='word_1_45' title='bbox 722 906 974 983; x_wconf 80' lang='lat' dir='ltr'>commemoraui,</span> <span class='ocrx_word' id='word_1_46' title='bbox 990 904 1136 967; x_wconf 79' lang='lat' dir='ltr'>virturibu</span> 
     </span>
     <span class='ocr_line' id='line_1_8' title="bbox 269 985 1136 1068; baseline 0.001 -22"><span class='ocrx_word' id='word_1_47' title='bbox 269 987 380 1048; x_wconf 81' lang='lat' dir='ltr'>idcirco</span> <span class='ocrx_word' id='word_1_48' title='bbox 401 986 488 1058; x_wconf 88' lang='lat' dir='ltr'>illos,</span> <span class='ocrx_word' id='word_1_49' title='bbox 507 991 536 1047; x_wconf 85' lang='lat' dir='ltr'>in</span> <span class='ocrx_word' id='word_1_50' title='bbox 550 988 850 1068; x_wconf 82' lang='lat' dir='ltr'>quibuteasvirtuteo</span> <span class='ocrx_word' id='word_1_51' title='bbox 868 985 922 1048; x_wconf 84' lang='lat' dir='ltr'>elle</span> <span class='ocrx_word' id='word_1_52' title='bbox 935 1006 1050 1055; x_wconf 82' lang='lat' dir='ltr'>remur,</span> <span class='ocrx_word' id='word_1_53' title='bbox 1068 1007 1086 1047; x_wconf 88' lang='lat' dir='ltr'>a</span> <span class='ocrx_word' id='word_1_54' title='bbox 1105 1006 1136 1047; x_wconf 84' lang='lat' dir='ltr'>tra</span> 
     </span>
     <span class='ocr_line' id='line_1_9' title="bbox 269 1066 1136 1151; baseline -0.002 -23"><span class='ocrx_word' id='word_1_55' title='bbox 269 1086 336 1128; x_wconf 87' lang='lat' dir='ltr'>tuta</span> <span class='ocrx_word' id='word_1_56' title='bbox 354 1067 414 1147; x_wconf 80' lang='lat' dir='ltr'>ipsa</span> <span class='ocrx_word' id='word_1_57' title='bbox 433 1069 553 1149; x_wconf 80' lang='lat' dir='ltr'>diligere</span> <span class='ocrx_word' id='word_1_58' title='bbox 572 1072 715 1151; x_wconf 81' lang='lat' dir='ltr'>cogimur.</span> <span class='ocrx_word' id='word_1_59' title='bbox 740 1070 841 1151; x_wconf 83' lang='lat' dir='ltr'>Atque</span> <span class='ocrx_word' id='word_1_60' title='bbox 866 1069 911 1128; x_wconf 83' lang='lat' dir='ltr'>bae</span> <span class='ocrx_word' id='word_1_61' title='bbox 931 1069 1055 1150; x_wconf 77' lang='lat' dir='ltr'>quidem</span> <span class='ocrx_word' id='word_1_62' title='bbox 1071 1066 1136 1131; x_wconf 82' lang='lat' dir='ltr'>oaul</span> 
     </span>
     <span class='ocr_line' id='line_1_10' title="bbox 271 1148 1136 1238; baseline -0.001 -28"><span class='ocrx_word' id='word_1_63' title='bbox 271 1148 413 1231; x_wconf 84' lang='lat' dir='ltr'>diligendi</span> <span class='ocrx_word' id='word_1_64' title='bbox 429 1153 628 1231; x_wconf 80' lang='lat' dir='ltr'>gravissimae:</span> <span class='ocrx_word' id='word_1_65' title='bbox 645 1149 761 1238; x_wconf 75' lang='lat' dir='ltr'>pollunt</span> <span class='ocrx_word' id='word_1_66' title='bbox 776 1153 854 1212; x_wconf 88' lang='lat' dir='ltr'>enim</span> <span class='ocrx_word' id='word_1_67' title='bbox 866 1148 1136 1233; x_wconf 72' lang='lat' dir='ltr'>pretereanonuull</span> 
     </span>
     <span class='ocr_line' id='line_1_11' title="bbox 271 1228 493 1293; baseline 0.009 -2"><span class='ocrx_word' id='word_1_68' title='bbox 271 1228 332 1291; x_wconf 80' lang='lat' dir='ltr'>elle</span> <span class='ocrx_word' id='word_1_69' title='bbox 354 1233 493 1293; x_wconf 83' lang='lat' dir='ltr'>leviores.</span> 
     </span>
     <span class='ocr_line' id='line_1_12' title="bbox 265 1308 1136 1394; baseline 0.002 -22"><span class='ocrx_word' id='word_1_70' title='bbox 265 1309 276 1317; x_wconf 44' lang='lat'><em>⁶</em></span> <span class='ocrx_word' id='word_1_71' title='bbox 319 1332 368 1394; x_wconf 78' lang='lat'>33,</span> <span class='ocrx_word' id='word_1_72' title='bbox 380 1311 469 1373; x_wconf 79' lang='lat' dir='ltr'>Fides</span> <span class='ocrx_word' id='word_1_73' title='bbox 486 1318 583 1373; x_wconf 84' lang='lat' dir='ltr'>autem</span> <span class='ocrx_word' id='word_1_74' title='bbox 609 1329 641 1373; x_wconf 92' lang='lat' dir='ltr'>ut</span> <span class='ocrx_word' id='word_1_75' title='bbox 660 1313 818 1385; x_wconf 79' lang='lat' dir='ltr'>habeatur,</span> <span class='ocrx_word' id='word_1_76' title='bbox 842 1312 953 1375; x_wconf 84' lang='lat' dir='ltr'>duabus</span> <span class='ocrx_word' id='word_1_77' title='bbox 977 1312 1065 1374; x_wconf 76' lang='lat' dir='ltr'>rebus</span> <span class='ocrx_word' id='word_1_78' title='bbox 1084 1308 1136 1374; x_wconf 41' lang='lat' dir='ltr'>effi*</span> 
     </span>
     <span class='ocr_line' id='line_1_13' title="bbox 273 1392 1136 1477; baseline -0.001 -24"><span class='ocrx_word' id='word_1_79' title='bbox 273 1392 392 1475; x_wconf 78' lang='lat' dir='ltr'>potest3</span> <span class='ocrx_word' id='word_1_80' title='bbox 417 1397 442 1453; x_wconf 84' lang='lat' dir='ltr'>si</span> <span class='ocrx_word' id='word_1_81' title='bbox 461 1394 685 1457; x_wconf 80' lang='lat' dir='ltr'>existimabimur</span> <span class='ocrx_word' id='word_1_82' title='bbox 701 1396 801 1477; x_wconf 84' lang='lat' dir='ltr'>adepti</span> <span class='ocrx_word' id='word_1_83' title='bbox 820 1393 1003 1473; x_wconf 70' lang='lat' dir='ltr'>coujundlam</span> <span class='ocrx_word' id='word_1_84' title='bbox 1024 1413 1092 1455; x_wconf 81' lang='lat' dir='ltr'>curn</span> <span class='ocrx_word' id='word_1_85' title='bbox 1106 1394 1136 1473; x_wconf 82' lang='lat' dir='ltr'>jo</span> 
     </span>
     <span class='ocr_line' id='line_1_14' title="bbox 273 1476 1136 1564; baseline -0.001 -28"><span class='ocrx_word' id='word_1_86' title='bbox 273 1478 339 1539; x_wconf 86' lang='lat' dir='ltr'>titia</span> <span class='ocrx_word' id='word_1_87' title='bbox 371 1476 550 1538; x_wconf 75' lang='lat' dir='ltr'><strong>rodemiam:</strong></span> <span class='ocrx_word' id='word_1_88' title='bbox 565 1497 632 1537; x_wconf 86' lang='lat' dir='ltr'>nam</span> <span class='ocrx_word' id='word_1_89' title='bbox 643 1479 675 1540; x_wconf 77' lang='grc' dir='ltr'>δι</span> <span class='ocrx_word' id='word_1_90' title='bbox 688 1479 723 1538; x_wconf 84' lang='lat' dir='ltr'>iis</span> <span class='ocrx_word' id='word_1_91' title='bbox 735 1477 825 1564; x_wconf 68' lang='lat' dir='ltr'>ljdem</span> <span class='ocrx_word' id='word_1_92' title='bbox 837 1478 997 1549; x_wconf 87' lang='lat' dir='ltr'>habemus,</span> <span class='ocrx_word' id='word_1_93' title='bbox 1011 1496 1086 1558; x_wconf 83' lang='lat' dir='ltr'>quos</span> <span class='ocrx_word' id='word_1_94' title='bbox 1098 1476 1136 1557; x_wconf 82' lang='lat' dir='ltr'>pli</span> 
     </span>
     <span class='ocr_line' id='line_1_15' title="bbox 196 1498 1136 1640; baseline -0.003 -21"><span class='ocrx_word' id='word_1_95' title='bbox 196 1575 200 1586; x_wconf 87' lang='lat'><strong><em>‘</em></strong></span> <span class='ocrx_word' id='word_1_96' title='bbox 274 1498 458 1640; x_wconf 64' lang='lat' dir='ltr'>intellgere,</span> <span class='ocrx_word' id='word_1_97' title='bbox 486 1558 573 1640; x_wconf 69' lang='lat' dir='ltr'>quam</span> <span class='ocrx_word' id='word_1_98' title='bbox 587 1580 642 1619; x_wconf 84' lang='lat' dir='ltr'>nos</span> <span class='ocrx_word' id='word_1_99' title='bbox 657 1560 846 1631; x_wconf 81' lang='lat' dir='ltr'>arbitramur,</span> <span class='ocrx_word' id='word_1_100' title='bbox 875 1573 1009 1640; x_wconf 81' lang='lat' dir='ltr'>quosque</span> <span class='ocrx_word' id='word_1_101' title='bbox 1030 1559 1063 1620; x_wconf 75' lang='lat' dir='ltr'>dt</span> <span class='ocrx_word' id='word_1_102' title='bbox 1085 1555 1136 1617; x_wconf 81' lang='lat' dir='ltr'>futt</span> 
     </span>
     <span class='ocr_line' id='line_1_16' title="bbox 275 1639 1136 1723; baseline -0.002 -23"><span class='ocrx_word' id='word_1_103' title='bbox 275 1661 310 1700; x_wconf 86' lang='lat' dir='ltr'>ra</span> <span class='ocrx_word' id='word_1_104' title='bbox 327 1640 493 1719; x_wconf 83' lang='lat' dir='ltr'>prospicere</span> <span class='ocrx_word' id='word_1_105' title='bbox 510 1641 679 1714; x_wconf 89' lang='lat' dir='ltr'>credimus,</span> <span class='ocrx_word' id='word_1_106' title='bbox 697 1644 730 1703; x_wconf 87' lang='lat'>&amp;</span> <span class='ocrx_word' id='word_1_107' title='bbox 750 1662 840 1721; x_wconf 89' lang='lat' dir='ltr'>quum</span> <span class='ocrx_word' id='word_1_108' title='bbox 859 1663 905 1701; x_wconf 81' lang='lat' dir='ltr'>rea</span> <span class='ocrx_word' id='word_1_109' title='bbox 927 1659 1045 1723; x_wconf 82' lang='lat' dir='ltr'>agatur,</span> <span class='ocrx_word' id='word_1_110' title='bbox 1061 1640 1092 1698; x_wconf 88' lang='lat' dir='ltr'>itt</span> <span class='ocrx_word' id='word_1_111' title='bbox 1109 1639 1136 1699; x_wconf 93' lang='lat' dir='ltr'>di</span> 
     </span>
     <span class='ocr_line' id='line_1_17' title="bbox 256 1721 1136 1803; baseline -0.003 -20"><span class='ocrx_word' id='word_1_112' title='bbox 256 1724 447 1801; x_wconf 68' lang='lat' dir='ltr'>,crimenque</span> <span class='ocrx_word' id='word_1_113' title='bbox 468 1741 589 1782; x_wconf 84' lang='lat' dir='ltr'>ventum</span> <span class='ocrx_word' id='word_1_114' title='bbox 609 1724 660 1794; x_wconf 86' lang='lat' dir='ltr'>sit,</span> <span class='ocrx_word' id='word_1_115' title='bbox 685 1723 825 1803; x_wconf 87' lang='lat' dir='ltr'>expedire</span> <span class='ocrx_word' id='word_1_116' title='bbox 851 1725 932 1796; x_wconf 84' lang='lat' dir='ltr'>rem,</span> <span class='ocrx_word' id='word_1_117' title='bbox 959 1724 991 1783; x_wconf 85' lang='lat'>&amp;</span> <span class='ocrx_word' id='word_1_118' title='bbox 1009 1721 1136 1781; x_wconf 79' lang='lat' dir='ltr'>coirsiliu:</span> 
     </span>
     <span class='ocr_line' id='line_1_18' title="bbox 238 1802 1136 1883; baseline -0.003 -20"><span class='ocrx_word' id='word_1_119' title='bbox 238 1865 241 1872; x_wconf 77' lang='grc'><strong>,</strong></span> <span class='ocrx_word' id='word_1_120' title='bbox 278 1822 316 1863; x_wconf 78' lang='lat' dir='ltr'>ex</span> <span class='ocrx_word' id='word_1_121' title='bbox 338 1820 473 1883; x_wconf 89' lang='lat' dir='ltr'>tempore</span> <span class='ocrx_word' id='word_1_122' title='bbox 497 1822 601 1883; x_wconf 86' lang='lat' dir='ltr'>capere</span> <span class='ocrx_word' id='word_1_123' title='bbox 621 1802 724 1883; x_wconf 82' lang='lat' dir='ltr'>polle:</span> <span class='ocrx_word' id='word_1_124' title='bbox 749 1805 823 1864; x_wconf 88' lang='lat' dir='ltr'>hanc</span> <span class='ocrx_word' id='word_1_125' title='bbox 845 1809 924 1865; x_wconf 82' lang='lat' dir='ltr'>enim</span> <span class='ocrx_word' id='word_1_126' title='bbox 942 1803 1043 1864; x_wconf 89' lang='lat' dir='ltr'>utilem</span> <span class='ocrx_word' id='word_1_127' title='bbox 1059 1823 1136 1864; x_wconf 67' lang='lat' dir='ltr'>omn«</span> 
     </span>
     <span class='ocr_line' id='line_1_19' title="bbox 278 1882 1136 1966; baseline -0.002 -19"><span class='ocrx_word' id='word_1_128' title='bbox 278 1882 463 1956; x_wconf 75' lang='lat' dir='ltr'>existimant,</span> <span class='ocrx_word' id='word_1_129' title='bbox 486 1906 645 1965; x_wconf 86' lang='lat' dir='ltr'>veramque</span> <span class='ocrx_word' id='word_1_130' title='bbox 678 1884 872 1966; x_wconf 78' lang='lat' dir='ltr'>prudentiam.</span> <span class='ocrx_word' id='word_1_131' title='bbox 902 1883 987 1946; x_wconf 88' lang='lat' dir='ltr'>Jullis</span> <span class='ocrx_word' id='word_1_132' title='bbox 1011 1902 1136 1947; x_wconf 57' lang='lat' dir='ltr'>autem*</span> 
     </span>
     <span class='ocr_line' id='line_1_20' title="bbox 280 1964 1130 2040; baseline -0.004 -12"><span class='ocrx_word' id='word_1_133' title='bbox 280 1964 348 2028; x_wconf 87' lang='lat' dir='ltr'>fidis</span> <span class='ocrx_word' id='word_1_134' title='bbox 367 1967 554 2036; x_wconf 90' lang='lat' dir='ltr'>hominibus,</span> <span class='ocrx_word' id='word_1_135' title='bbox 575 1968 604 2026; x_wconf 91' lang='lat' dir='ltr'>id</span> <span class='ocrx_word' id='word_1_136' title='bbox 622 1966 681 2040; x_wconf 84' lang='lat' dir='ltr'>est,</span> <span class='ocrx_word' id='word_1_137' title='bbox 699 1969 804 2040; x_wconf 84' lang='lat' dir='ltr'>bortis,</span> <span class='ocrx_word' id='word_1_138' title='bbox 825 1970 864 2027; x_wconf 87' lang='lat' dir='ltr'>ita</span> <span class='ocrx_word' id='word_1_139' title='bbox 884 1966 957 2027; x_wconf 84' lang='lat' dir='ltr'>fides</span> <span class='ocrx_word' id='word_1_140' title='bbox 976 1966 1130 2040; x_wconf 83' lang='lat' dir='ltr'>habetur,-</span> 
     </span>
     <span class='ocr_line' id='line_1_21' title="bbox 279 2046 1136 2129; baseline -0.007 -17"><span class='ocrx_word' id='word_1_141' title='bbox 279 2047 359 2112; x_wconf 84' lang='lat' dir='ltr'>nulla</span> <span class='ocrx_word' id='word_1_142' title='bbox 377 2049 414 2109; x_wconf 89' lang='lat' dir='ltr'>sit</span> <span class='ocrx_word' id='word_1_143' title='bbox 429 2049 459 2107; x_wconf 90' lang='lat' dir='ltr'>in</span> <span class='ocrx_word' id='word_1_144' title='bbox 473 2050 516 2109; x_wconf 88' lang='lat' dir='ltr'>his</span> <span class='ocrx_word' id='word_1_145' title='bbox 530 2046 637 2108; x_wconf 86' lang='lat' dir='ltr'>fraudis</span> <span class='ocrx_word' id='word_1_146' title='bbox 655 2048 824 2129; x_wconf 84' lang='lat' dir='ltr'>injuriaeque</span> <span class='ocrx_word' id='word_1_147' title='bbox 847 2048 980 2128; x_wconf 82' lang='lat' dir='ltr'>sulpicio.</span> <span class='ocrx_word' id='word_1_148' title='bbox 1000 2047 1102 2127; x_wconf 83' lang='lat' dir='ltr'>ltaque</span> <span class='ocrx_word' id='word_1_149' title='bbox 1123 2048 1136 2106; x_wconf 89' lang='lat' dir='ltr'>b</span> 
     </span>
     <span class='ocr_line' id='line_1_22' title="bbox 237 2127 1136 2204; baseline 0.004 -18"><span class='ocrx_word' id='word_1_150' title='bbox 237 2179 239 2186; x_wconf 30' lang='lat' dir='ltr'><em>s</em></span> <span class='ocrx_word' id='word_1_151' title='bbox 280 2130 401 2194; x_wconf 84' lang='lat' dir='ltr'>salutem</span> <span class='ocrx_word' id='word_1_152' title='bbox 421 2129 567 2204; x_wconf 89' lang='lat' dir='ltr'>nostram,</span> <span class='ocrx_word' id='word_1_153' title='bbox 591 2132 634 2191; x_wconf 88' lang='lat' dir='ltr'>his</span> <span class='ocrx_word' id='word_1_154' title='bbox 652 2130 802 2204; x_wconf 81' lang='lat' dir='ltr'>fortunas,</span> <span class='ocrx_word' id='word_1_155' title='bbox 826 2132 870 2195; x_wconf 87' lang='lat' dir='ltr'>his</span> <span class='ocrx_word' id='word_1_156' title='bbox 883 2131 991 2195; x_wconf 85' lang='lat' dir='ltr'>liberos</span> <span class='ocrx_word' id='word_1_157' title='bbox 1009 2127 1136 2190; x_wconf 72' lang='lat' dir='ltr'>radiatio</span> 
     </span>
     <span class='ocr_line' id='line_1_23' title="bbox 280 2213 1107 2277; baseline -0.006 -2"><span class='ocrx_word' id='word_1_158' title='bbox 280 2214 427 2275; x_wconf 78' lang='lat' dir='ltr'>committi</span> <span class='ocrx_word' id='word_1_159' title='bbox 445 2213 626 2272; x_wconf 82' lang='lat' dir='ltr'>arbitramur.</span> <span class='ocrx_word' id='word_1_160' title='bbox 785 2269 791 2277; x_wconf 61' lang='lat'><em>„</em></span> <span class='ocrx_word' id='word_1_161' title='bbox 939 2213 941 2217; x_wconf 47' lang='lat'><strong><em>⁴</em></strong></span> <span class='ocrx_word' id='word_1_162' title='bbox 1103 2232 1107 2238; x_wconf 90' lang='lat'>·</span> 
     </span>
     <span class='ocr_line' id='line_1_24' title="bbox 327 2290 1136 2374; baseline 0 -23"><span class='ocrx_word' id='word_1_163' title='bbox 327 2315 373 2369; x_wconf 77' lang='lat'>3⁴·</span> <span class='ocrx_word' id='word_1_164' title='bbox 397 2314 411 2374; x_wconf 80' lang='lat'><em>3</em></span> <span class='ocrx_word' id='word_1_165' title='bbox 445 2293 556 2354; x_wconf 87' lang='lat' dir='ltr'>Harum</span> <span class='ocrx_word' id='word_1_166' title='bbox 580 2296 665 2373; x_wconf 85' lang='lat' dir='ltr'>igitur</span> <span class='ocrx_word' id='word_1_167' title='bbox 683 2293 806 2352; x_wconf 91' lang='lat' dir='ltr'>duarum</span> <span class='ocrx_word' id='word_1_168' title='bbox 828 2293 865 2353; x_wconf 88' lang='lat' dir='ltr'>ad</span> <span class='ocrx_word' id='word_1_169' title='bbox 888 2292 980 2362; x_wconf 80' lang='lat' dir='ltr'>fidem</span> <span class='ocrx_word' id='word_1_170' title='bbox 1005 2290 1136 2354; x_wconf 75' lang='lat' dir='ltr'>facienda</span> 
     </span>
     <span class='ocr_line' id='line_1_25' title="bbox 281 2371 1136 2456; baseline -0.002 -22"><span class='ocrx_word' id='word_1_171' title='bbox 281 2371 387 2455; x_wconf 81' lang='lat' dir='ltr'>justitia</span> <span class='ocrx_word' id='word_1_172' title='bbox 409 2374 475 2453; x_wconf 86' lang='lat' dir='ltr'>plus</span> <span class='ocrx_word' id='word_1_173' title='bbox 496 2375 610 2454; x_wconf 84' lang='lat' dir='ltr'>poller3</span> <span class='ocrx_word' id='word_1_174' title='bbox 639 2378 749 2456; x_wconf 82' lang='lat' dir='ltr'>quippe</span> <span class='ocrx_word' id='word_1_175' title='bbox 767 2396 858 2455; x_wconf 88' lang='lat' dir='ltr'>quum</span> <span class='ocrx_word' id='word_1_176' title='bbox 880 2380 913 2437; x_wconf 78' lang='lat' dir='ltr'>e&#39;a</span> <span class='ocrx_word' id='word_1_177' title='bbox 937 2377 999 2435; x_wconf 85' lang='lat' dir='ltr'>sine</span> <span class='ocrx_word' id='word_1_178' title='bbox 1017 2376 1136 2454; x_wconf 81' lang='lat' dir='ltr'>prudent</span> 
     </span>
     <span class='ocr_line' id='line_1_26' title="bbox 281 2454 1136 2537; baseline 0.001 -22"><span class='ocrx_word' id='word_1_179' title='bbox 281 2455 349 2515; x_wconf 83' lang='lat' dir='ltr'>satis</span> <span class='ocrx_word' id='word_1_180' title='bbox 367 2455 471 2516; x_wconf 84' lang='lat' dir='ltr'>habeat</span> <span class='ocrx_word' id='word_1_181' title='bbox 499 2454 692 2528; x_wconf 72' lang='lat' dir='ltr'>audieritatis,</span> <span class='ocrx_word' id='word_1_182' title='bbox 717 2459 867 2537; x_wconf 85' lang='lat' dir='ltr'>prudentia</span> <span class='ocrx_word' id='word_1_183' title='bbox 886 2460 946 2518; x_wconf 83' lang='lat' dir='ltr'>sine</span> <span class='ocrx_word' id='word_1_184' title='bbox 961 2455 1075 2535; x_wconf 85' lang='lat' dir='ltr'>·jullitia</span> <span class='ocrx_word' id='word_1_185' title='bbox 1099 2458 1136 2516; x_wconf 91' lang='lat' dir='ltr'>nil</span> 
     </span>
     <span class='ocr_line' id='line_1_27' title="bbox 282 2535 1134 2619; baseline 0 -22"><span class='ocrx_word' id='word_1_186' title='bbox 282 2538 382 2597; x_wconf 84' lang='lat' dir='ltr'>valeat</span> <span class='ocrx_word' id='word_1_187' title='bbox 400 2537 436 2597; x_wconf 92' lang='lat' dir='ltr'>ad</span> <span class='ocrx_word' id='word_1_188' title='bbox 452 2535 614 2598; x_wconf 83' lang='lat' dir='ltr'>faciendam</span> <span class='ocrx_word' id='word_1_189' title='bbox 633 2536 733 2598; x_wconf 86' lang='lat' dir='ltr'>fidem.</span> <span class='ocrx_word' id='word_1_190' title='bbox 746 2536 826 2617; x_wconf 78' lang='lat' dir='ltr'>‘Quo</span> <span class='ocrx_word' id='word_1_191' title='bbox 847 2541 925 2600; x_wconf 84' lang='lat' dir='ltr'>enim</span> <span class='ocrx_word' id='word_1_192' title='bbox 944 2541 1007 2619; x_wconf 84' lang='lat' dir='ltr'>quis</span> <span class='ocrx_word' id='word_1_193' title='bbox 1025 2537 1134 2600; x_wconf 84' lang='lat' dir='ltr'>versuti</span> 
     </span>
     <span class='ocr_line' id='line_1_28' title="bbox 284 2618 1136 2701; baseline -0.001 -21"><span class='ocrx_word' id='word_1_194' title='bbox 284 2620 318 2680; x_wconf 74' lang='lat' dir='ltr'>dt</span> <span class='ocrx_word' id='word_1_195' title='bbox 342 2619 473 2679; x_wconf 87' lang='lat' dir='ltr'>callidior</span> <span class='ocrx_word' id='word_1_196' title='bbox 495 2618 535 2679; x_wconf 88' lang='lat' dir='ltr'>ell</span> <span class='ocrx_word' id='word_1_197' title='bbox 545 2633 571 2691; x_wconf 80' lang='lat'>‚-·&#39;</span> <span class='ocrx_word' id='word_1_198' title='bbox 584 2619 651 2686; x_wconf 57' lang='lat' dir='ltr'>lah.</span> <span class='ocrx_word' id='word_1_199' title='bbox 663 2621 787 2683; x_wconf 84' lang='lat' dir='ltr'>invisior</span> <span class='ocrx_word' id='word_1_200' title='bbox 800 2622 832 2683; x_wconf 89' lang='lat'>&amp;</span> <span class='ocrx_word' id='word_1_201' title='bbox 847 2620 1022 2701; x_wconf 62' lang='lat' dir='ltr'>suspeetior,</span> <span class='ocrx_word' id='word_1_202' title='bbox 1046 2621 1136 2679; x_wconf 80' lang='lat' dir='ltr'>detral</span> 
     </span>
     <span class='ocr_line' id='line_1_29' title="bbox 283 2700 1136 2784; baseline 0.001 -23"><span class='ocrx_word' id='word_1_203' title='bbox 283 2703 426 2781; x_wconf 87' lang='lat' dir='ltr'>opinione</span> <span class='ocrx_word' id='word_1_204' title='bbox 447 2702 607 2781; x_wconf 78' lang='lat' dir='ltr'>probitatis.</span> <span class='ocrx_word' id='word_1_205' title='bbox 623 2700 829 2782; x_wconf 86' lang='lat' dir='ltr'>Quamobrem</span> <span class='ocrx_word' id='word_1_206' title='bbox 851 2704 1051 2784; x_wconf 80' lang='lat' dir='ltr'>intelligentiae</span> <span class='ocrx_word' id='word_1_207' title='bbox 1066 2700 1136 2780; x_wconf 73' lang='lat' dir='ltr'>julli¹</span> 
     </span>
     <span class='ocr_line' id='line_1_30' title="bbox 285 2781 1118 2865; baseline 0 -22"><span class='ocrx_word' id='word_1_208' title='bbox 285 2781 460 2857; x_wconf 76' lang='lat' dir='ltr'>coniundla,</span> <span class='ocrx_word' id='word_1_209' title='bbox 483 2804 624 2865; x_wconf 86' lang='lat' dir='ltr'>quantum</span> <span class='ocrx_word' id='word_1_210' title='bbox 644 2786 749 2858; x_wconf 87' lang='lat' dir='ltr'>volet,</span> <span class='ocrx_word' id='word_1_211' title='bbox 770 2786 885 2846; x_wconf 87' lang='lat' dir='ltr'>habebit</span> <span class='ocrx_word' id='word_1_212' title='bbox 897 2784 1118 2864; x_wconf 74' lang='lat' dir='ltr'>adfaciendam</span> 
     </span>
     <span class='ocr_line' id='line_1_31' title="bbox 259 2863 1136 2949; baseline 0.001 -24"><span class='ocrx_word' id='word_1_213' title='bbox 259 2929 261 2935; x_wconf 64' lang='grc'><em>,</em></span> <span class='ocrx_word' id='word_1_214' title='bbox 285 2866 355 2925; x_wconf 87' lang='lat' dir='ltr'>dem</span> <span class='ocrx_word' id='word_1_215' title='bbox 372 2866 498 2937; x_wconf 90' lang='lat' dir='ltr'>virium,</span> <span class='ocrx_word' id='word_1_216' title='bbox 520 2863 623 2941; x_wconf 74' lang='lat' dir='ltr'>justitia</span> <span class='ocrx_word' id='word_1_217' title='bbox 641 2868 703 2929; x_wconf 82' lang='lat' dir='ltr'>sine</span> <span class='ocrx_word' id='word_1_218' title='bbox 724 2868 876 2949; x_wconf 88' lang='lat' dir='ltr'>prudentia</span> <span class='ocrx_word' id='word_1_219' title='bbox 896 2867 1017 2927; x_wconf 90' lang='lat' dir='ltr'>multum</span> <span class='ocrx_word' id='word_1_220' title='bbox 1038 2867 1136 2947; x_wconf 88' lang='lat' dir='ltr'>poteri</span> 
     </span>
     <span class='ocr_line' id='line_1_32' title="bbox 287 2944 869 3029; baseline 0.007 -24"><span class='ocrx_word' id='word_1_221' title='bbox 287 2948 350 3006; x_wconf 81' lang='lat' dir='ltr'>sine</span> <span class='ocrx_word' id='word_1_222' title='bbox 367 2944 473 3022; x_wconf 70' lang='lat' dir='ltr'>iustitia</span> <span class='ocrx_word' id='word_1_223' title='bbox 491 2947 560 3006; x_wconf 90' lang='lat' dir='ltr'>nihil</span> <span class='ocrx_word' id='word_1_224' title='bbox 580 2948 690 3008; x_wconf 81' lang='lat' dir='ltr'>valebit</span> <span class='ocrx_word' id='word_1_225' title='bbox 709 2950 869 3029; x_wconf 88' lang='lat' dir='ltr'>prudentia.</span> 
     </span>
    </p>

    <p class='ocr_par' dir='ltr' id='par_1_3' title="bbox 287 3026 1136 3273">
     <span class='ocr_line' id='line_1_33' title="bbox 329 3026 1136 3110; baseline 0 -23"><span class='ocrx_word' id='word_1_226' title='bbox 329 3026 369 3087; x_wconf 91' lang='lat' dir='ltr'>X.</span> <span class='ocrx_word' id='word_1_227' title='bbox 382 3026 461 3097; x_wconf 87' lang='lat' dir='ltr'>Sed,</span> <span class='ocrx_word' id='word_1_228' title='bbox 485 3048 523 3090; x_wconf 85' lang='lat' dir='ltr'>tte</span> <span class='ocrx_word' id='word_1_229' title='bbox 547 3031 611 3108; x_wconf 85' lang='lat' dir='ltr'>quis</span> <span class='ocrx_word' id='word_1_230' title='bbox 632 3032 670 3096; x_wconf 63' lang='lat' dir='ltr'>,sit</span> <span class='ocrx_word' id='word_1_231' title='bbox 691 3033 869 3101; x_wconf 81' lang='lat' dir='ltr'>admiratus,</span> <span class='ocrx_word' id='word_1_232' title='bbox 888 3052 959 3102; x_wconf 92' lang='lat' dir='ltr'>cur,</span> <span class='ocrx_word' id='word_1_233' title='bbox 983 3048 1072 3110; x_wconf 88' lang='lat' dir='ltr'>quum</span> <span class='ocrx_word' id='word_1_234' title='bbox 1097 3029 1136 3088; x_wconf 87' lang='lat' dir='ltr'>int</span> 
     </span>
     <span class='ocr_line' id='line_1_34' title="bbox 287 3107 1136 3193; baseline 0.004 -26"><span class='ocrx_word' id='word_1_235' title='bbox 287 3107 393 3168; x_wconf 75' lang='lat' dir='ltr'>omues</span> <span class='ocrx_word' id='word_1_236' title='bbox 418 3108 606 3191; x_wconf 84' lang='lat' dir='ltr'>philosophos</span> <span class='ocrx_word' id='word_1_237' title='bbox 619 3111 749 3184; x_wconf 81' lang='lat' dir='ltr'>constet,</span> <span class='ocrx_word' id='word_1_238' title='bbox 768 3134 784 3172; x_wconf 90' lang='lat' dir='ltr'>a</span> <span class='ocrx_word' id='word_1_239' title='bbox 808 3134 914 3193; x_wconf 85' lang='lat' dir='ltr'>meque</span> <span class='ocrx_word' id='word_1_240' title='bbox 934 3110 995 3192; x_wconf 89' lang='lat' dir='ltr'>ipso</span> <span class='ocrx_word' id='word_1_241' title='bbox 1016 3109 1091 3190; x_wconf 82' lang='lat' dir='ltr'>saepe</span> <span class='ocrx_word' id='word_1_242' title='bbox 1107 3110 1136 3170; x_wconf 48' lang='lat' dir='ltr'>‘d</span> 
     </span>
     <span class='ocr_line' id='line_1_35' title="bbox 287 3191 1133 3273; baseline 0.005 -25"><span class='ocrx_word' id='word_1_243' title='bbox 287 3207 419 3270; x_wconf 88' lang='lat' dir='ltr'>putatum</span> <span class='ocrx_word' id='word_1_244' title='bbox 445 3191 498 3258; x_wconf 83' lang='lat' dir='ltr'>sit,</span> <span class='ocrx_word' id='word_1_245' title='bbox 519 3194 568 3273; x_wconf 88' lang='lat' dir='ltr'>qui</span> <span class='ocrx_word' id='word_1_246' title='bbox 588 3214 673 3253; x_wconf 89' lang='lat' dir='ltr'>unam</span> <span class='ocrx_word' id='word_1_247' title='bbox 697 3196 836 3264; x_wconf 87' lang='lat' dir='ltr'>haberet,</span> <span class='ocrx_word' id='word_1_248' title='bbox 858 3216 960 3253; x_wconf 84' lang='lat' dir='ltr'>omnes</span> <span class='ocrx_word' id='word_1_249' title='bbox 985 3191 1092 3253; x_wconf 86' lang='lat' dir='ltr'>habere</span> <span class='ocrx_word' id='word_1_250' title='bbox 1115 3214 1133 3252; x_wconf 90' lang='lat' dir='ltr'><strong>v</strong></span> 
     </span>
    </p>

    <p class='ocr_par' dir='ltr' id='par_1_4' title="bbox 249 3271 1136 3439">
     <span class='ocr_line' id='line_1_36' title="bbox 249 3271 1136 3356; baseline 0.005 -27"><span class='ocrx_word' id='word_1_251' title='bbox 249 3271 256 3286; x_wconf 77' lang='grc'>”’</span> <span class='ocrx_word' id='word_1_252' title='bbox 287 3289 386 3345; x_wconf 82' lang='lat' dir='ltr'>tutes;</span> <span class='ocrx_word' id='word_1_253' title='bbox 402 3293 475 3332; x_wconf 88' lang='lat' dir='ltr'>nunc</span> <span class='ocrx_word' id='word_1_254' title='bbox 491 3274 531 3332; x_wconf 90' lang='lat' dir='ltr'>ita</span> <span class='ocrx_word' id='word_1_255' title='bbox 543 3272 704 3356; x_wconf 81' lang='lat' dir='ltr'>sejungam,</span> <span class='ocrx_word' id='word_1_256' title='bbox 729 3279 808 3355; x_wconf 81' lang='lat' dir='ltr'>quasi</span> <span class='ocrx_word' id='word_1_257' title='bbox 827 3278 919 3354; x_wconf 82' lang='lat' dir='ltr'>possit</span> <span class='ocrx_word' id='word_1_258' title='bbox 935 3272 1083 3355; x_wconf 86' lang='lat' dir='ltr'>quisquam</span> <span class='ocrx_word' id='word_1_259' title='bbox 1097 3318 1104 3340; x_wconf 88' lang='lat'>,</span> <span class='ocrx_word' id='word_1_260' title='bbox 1127 3294 1136 3333; x_wconf 85' lang='lat' dir='ltr'>t</span> 
     </span>
     <span class='ocr_line' id='line_1_37' title="bbox 289 3351 1136 3439; baseline 0.002 -24"><span class='ocrx_word' id='word_1_261' title='bbox 289 3373 350 3415; x_wconf 84' lang='lat' dir='ltr'>oon</span> <span class='ocrx_word' id='word_1_262' title='bbox 363 3354 442 3416; x_wconf 85' lang='lat' dir='ltr'>idem</span> <span class='ocrx_word' id='word_1_263' title='bbox 457 3351 586 3436; x_wconf 85' lang='lat' dir='ltr'>prudens</span> <span class='ocrx_word' id='word_1_264' title='bbox 600 3360 654 3430; x_wconf 87' lang='lat' dir='ltr'>sit,</span> <span class='ocrx_word' id='word_1_265' title='bbox 681 3354 770 3439; x_wconf 78' lang='lat' dir='ltr'>justus</span> <span class='ocrx_word' id='word_1_266' title='bbox 788 3355 862 3421; x_wconf 78' lang='lat' dir='ltr'>effe:</span> <span class='ocrx_word' id='word_1_267' title='bbox 876 3358 930 3417; x_wconf 87' lang='lat' dir='ltr'>alia</span> <span class='ocrx_word' id='word_1_268' title='bbox 950 3354 990 3417; x_wconf 86' lang='lat' dir='ltr'>est</span> <span class='ocrx_word' id='word_1_269' title='bbox 1002 3355 1072 3428; x_wconf 86' lang='lat' dir='ltr'>illa,</span> <span class='ocrx_word' id='word_1_270' title='bbox 1085 3374 1136 3439; x_wconf 87' lang='lat' dir='ltr'>qut</span> 
     </span>
    </p>
   </div>
   <div class='ocr_carea' id='block_1_3' title="bbox 322 3504 1097 3582">
    <p class='ocr_par' dir='ltr' id='par_1_5' title="bbox 322 3504 1097 3582">
     <span class='ocr_line' id='line_1_38' title="bbox 322 3504 1097 3582; baseline 0.004 -26"><span class='ocrx_word' id='word_1_271' title='bbox 322 3519 338 3573; x_wconf 86' lang='lat'>3</span> <span class='ocrx_word' id='word_1_272' title='bbox 358 3507 448 3561; x_wconf 83' lang='lat' dir='ltr'>Harum</span> <span class='ocrx_word' id='word_1_273' title='bbox 464 3511 535 3582; x_wconf 82' lang='lat' dir='ltr'>igitur</span> <span class='ocrx_word' id='word_1_274' title='bbox 551 3512 659 3565; x_wconf 79' lang='lat' dir='ltr'>duarum.</span> <span class='ocrx_word' id='word_1_275' title='bbox 675 3508 769 3565; x_wconf 68' lang='lat' dir='ltr'>lustitia</span> <span class='ocrx_word' id='word_1_276' title='bbox 784 3507 892 3565; x_wconf 73' lang='lat' dir='ltr'>nimirum</span> <span class='ocrx_word' id='word_1_277' title='bbox 913 3506 938 3562; x_wconf 74' lang='grc' dir='ltr'>δι</span> <span class='ocrx_word' id='word_1_278' title='bbox 958 3504 1097 3579; x_wconf 68' lang='lat' dir='ltr'>prudentia.</span> 
     </span>
    </p>
   </div>
   <div class='ocr_carea' id='block_1_4' title="bbox 0 0 1433 4267">
    <p class='ocr_par' dir='ltr' id='par_1_6' title="bbox 0 0 1433 4267">
     <span class='ocr_line' id='line_1_39' title="bbox 0 0 1433 4267; baseline 0 0"><span class='ocrx_word' id='word_1_279' title='bbox 0 0 1433 4267; x_wconf 95' lang='lat' dir='ltr'> </span> 
     </span>
    </p>
   </div>
  </div>
 </body>
</html>
