2817 4267
244 421 305 485 <44
497 382 919 484 DrOrtttoits'3

262 534 325 575 nort
343 530 396 587 re,
414 510 464 572 sed
487 512 631 592 nomine)
645 511 696 573 sed
715 514 739 572 si
756 514 819 593 quis
839 511 882 574 eli
894 510 983 593 paulo
1002 511 1138 588 erediior'¹

258 595 397 674 ,quamvis
415 592 566 673 voluptate
578 595 726 672 capiatur,
744 592 913 654 occultat&
927 593 1087 656 dissimulat
1098 617 1138 678 ap

263 676 388 754 petitum
402 673 583 751 voluptaris,
600 691 721 753 propter
731 673 947 734 verecundiam.

257 796 261 802 -
309 755 376 814 rot's.
395 752 436 812 Er
455 773 515 833 quo
536 755 726 833 intelligitur,
744 754 1138 835 corporisvoluptatemnou

255 832 330 893 latis
344 831 400 892 elle
416 833 531 913 dignam
544 835 668 894 hominis
685 832 844 913 praestantii
854 879 862 903 ,
874 852 998 916 eantque
1008 853 1138 896 contem.-

262 914 295 973 ni
316 911 442 991 &rejici
462 932 622 993 opportere
639 935 647 973 t
667 918 711 973 ain
734 917 771 973 sit
790 909 938 994 quisquam
964 916 1016 995 qni
1037 913 1138 995 aliquid

258 993 370 1053 ¹tribunt
391 994 559 1073 voluptati,
590 994 741 1074 diligenter
768 995 795 1053 ei
824 993 984 1054 tenendum
1008 992 1067 1056 effe
1085 993 1138 1072 ejut

262 1070 391 1133 fruendae
411 1074 542 1134 modum.
560 1072 660 1155 ltaque
679 1073 772 1134 vitius
787 1071 936 1155 cultusque
954 1077 1088 1155 corporis
1107 1073 1138 1134 ad

264 1154 463 1214 valetudinem
474 1152 655 1227 referantur,
679 1154 768 1215 &ad
788 1156 881 1222 vires,
903 1152 965 1212 non
979 1156 1017 1215 ad
1041 1155 1138 1235 volup·

263 1237 364 1295 tatem.
381 1234 481 1315 Atque
494 1233 586 1312 etiam
607 1236 632 1293 si
649 1233 833 1294 considerare
851 1233 1009 1307 volumus,
1026 1254 1091 1316 quae
1109 1235 1138 1293 sit

232 1374 234 1378 .
256 1316 296 1374 -in
310 1332 409 1376 natura
429 1314 648 1377 excellentia&
666 1315 786 1395 dignitas
796 1334 806 1386 ;
825 1314 1043 1395 intelligemus,
1058 1313 1138 1394 quart

256 1396 305 1458 sit
322 1414 432 1476 turpe,
453 1392 583 1456 diffluere
612 1394 723 1454 luxurii
745 1437 756 1464 ,
775 1395 808 1455 &
829 1394 953 1454 delicate
971 1416 1004 1454 ac
1020 1396 1138 1456 molliter

259 1477 389 1546 -vivere3
407 1476 551 1556 quamque
569 1473 744 1549 honestum,
764 1474 871 1554 parce,
885 1478 1087 1548 continentem
1105 1473 1134 1536 le

263 1555 358 1625 uere,
376 1553 479 1613 sobrie.
863 1603 870 1616 .
983 1571 986 1577 ·
1114 1577 1117 1584 ·

257 1677 260 1682 ,
310 1653 376 1711 107.
395 1633 618 1716 Intelligendum
638 1631 680 1694 est
694 1635 807 1702 etiam,
825 1634 1035 1725 duabugquati
1054 1653 1108 1693 nos
1126 1653 1138 1694 t

264 1730 368 1774 natura
376 1713 494 1773 indutos
511 1712 567 1773 elie
578 1714 715 1794 personis
728 1737 738 1787 3
757 1735 877 1794 quarum
890 1735 945 1774 una
958 1713 999 1773 est
1011 1735 1138 1775 commu·

265 1796 340 1864 nis,
364 1813 401 1853 ex
421 1813 459 1853 eo
477 1838 489 1864 ,
509 1796 589 1874 quod
612 1815 717 1855 omnes
737 1796 890 1874 participes
914 1795 1010 1854 sumus
1031 1794 1138 1856 retinnit

257 1874 490 1955 ,praestantiaeque
509 1872 598 1952 ejus,
617 1874 674 1954 qui
691 1875 886 1934 antecellimus
905 1872 1031 1948 bestiis;
1054 1896 1072 1934 a
1090 1881 1138 1958 qut

265 1974 355 2024 omne
368 1954 520 2014 honestum
531 1954 728 2034 decorumque
740 1955 877 2022 trahitur,
897 1954 930 2015 &
950 1973 987 2013 ex
1005 1975 1062 2035 qua
1076 1955 1138 2016 ratiu

264 2033 433 2095 inveniendi
443 2031 531 2092 officii
543 2036 716 2112 exquiritur3
729 2035 817 2092 altera
828 2049 941 2105 autem,
952 2054 1017 2114 quae
1029 2033 1138 2116 propril

267 2113 385 2194 singulis
398 2115 439 2175 est
448 2116 563 2173 tributa.
576 2113 618 2173 Ut
628 2116 705 2173 enim
717 2115 746 2172 in
756 2114 926 2191 corporibus
940 2134 1051 2194 magna
1066 2113 1138 2174 dissi*

254 2196 443 2256 militudines
455 2192 517 2252 sunt
527 2192 542 2271 (
552 2192 623 2251 alios
634 2196 712 2252 enim
723 2193 1027 2259 videmuwelocitate
1037 2194 1072 2254 ad
1085 2213 1138 2254 cut«

265 2272 350 2342 sum,
365 2274 436 2332 alios
453 2272 561 2331 viribus
582 2272 801 2332 adiudicandum
822 2273 940 2332 valete:
963 2276 1093 2354 itemque
1115 2277 1138 2334 in

184 2429 185 2434 η
265 2349 369 2410 formis
385 2354 448 2409 aliis
464 2352 633 2430 dignitaiem
644 2353 753 2423 inelle,
769 2354 831 2412 aliis
842 2351 1046 2437 venustatem)
1060 2355 1138 2416 sicin

265 2432 368 2491 animis
381 2429 520 2490 exsistunt
535 2434 623 2491 etiarn
638 2433 764 2512 majores
777 2434 944 2493 varietates·
1013 2444 1016 2448 ’

258 2569 262 2576 .
311 2511 379 2572 108.
398 2510 466 2571 Erat
483 2513 512 2569 in
532 2511 565 2572 L.
589 2510 713 2583 Crallo,
737 2515 770 2575 dt
787 2516 815 2571 in
834 2514 865 2573 L.
885 2501 1021 2594 Philippo
1038 2512 1138 2575 multus

264 2592 368 2675 lepos:
388 2591 482 2668 maior
500 2595 585 2651 etiarn
606 2593 752 2675 magisque
771 2594 808 2653 de
826 2594 962 2653 industria
977 2599 1007 2652 in
1024 2592 1061 2654 C.
1077 2593 1138 2655 Cae·

267 2672 350 2747 sare,
369 2673 447 2732 Lucii
463 2671 535 2732 filio.
547 2672 589 2731 At
604 2673 704 2733 iisdem
724 2672 943 2755 temporibusin
957 2674 1000 2734 M.
1019 2673 1138 2748 Scauro¹

266 2756 300 2816 δι
316 2757 346 2813 in
364 2754 408 2813 M.
425 2751 522 2813 Druso
544 2752 727 2815 adolescente
748 2798 758 2828 ,
777 2755 926 2834 singularis
948 2747 1098 2817 severitas:
1116 2757 1138 2815 in

267 2832 306 2894 C.
325 2834 415 2893 Laelio
435 2835 525 2893 multa
549 2834 698 2895 hilaritas:
724 2837 753 2893 in
777 2833 839 2911 ejus
858 2833 991 2897 familiari
1010 2834 1138 2917 Scipione

268 2915 389 2972 ambitio
407 2912 518 2992 major,
541 2916 601 2971 vita
621 2914 736 2975 tristior.
751 2913 800 2974 De
818 2912 929 2974 Graecis
946 2932 1065 2985 autem,
1086 2915 1138 2975 dul

268 3012 334 3052 cem
359 2995 390 3052 dt
408 2992 555 3063 facetum,
576 2992 729 3075 festivique
748 2994 906 3067 sermonis,
927 3011 1013 3070 atque
1027 2998 1057 3054 in
1067 3015 1135 3054 omn

265 3074 399 3133 oratione
421 3093 438 3133 2
458 3072 682 3146 simulatorem,
702 3094 791 3155 quem
809 3076 914 3153 εἴρωνα
932 3072 1030 3135 Graeci
1053 3077 1138 3136 nomi

194 3216 197 3221 ,
265 3170 426 3225 naverunt,
442 3150 590 3212 Socratem
605 3156 769 3235 accepimus
784 3176 791 3214 :
808 3172 909 3215 contra
924 3200 931 3222 ‚
950 3154 1138 3237 Pythagoram

267 3235 301 3300 δι
324 3232 465 3293 Periclem
483 3232 622 3292 summam
642 3233 838 3294 austoritatem
859 3234 1057 3305 consecutos,
1086 3237 1138 3296 sint

266 3304 488 3374 ulla³hilarirate.
503 3312 650 3408 Callidum
667 3314 865 3387 Annibalem,
886 3335 900 3397 3
919 3334 955 3376 ex
972 3312 1130 3408 Poenorum

226 3499 233 3512 Ι
265 3453 314 3556 u:
334 3408 683 3493 Sintlrterrmrltoniituten·
715 3436 821 3554 ttius&
836 3436 969 3505 Punctum.
991 3439 1086 3511 Nempe
1101 3440 1138 3497 du·
