2817 4267
328 421 372 496 9⁴
559 403 632 474 Du
672 403 978 484 otricum

329 521 400 579 tiam
428 511 566 576 fortunati
593 513 624 575 &
649 509 801 594 potentisl
832 533 931 594 aquo
949 513 1031 574 enim
1054 516 1219 598 expeditior

329 601 363 661 dc
384 597 507 657 celerior
528 597 724 654 remuneratio
745 593 811 654 lore
832 596 974 668 videtur,
1006 597 1036 656 in
1060 617 1127 658 eum
1152 599 1214 662 fere

326 679 370 740 est
390 679 524 739 voluntas
543 675 639 737 nollra
650 677 836 758 propensior.
852 677 909 737 Sed
926 678 1218 744 animadvertendum

327 760 370 822 est
391 760 440 820 dili
463 761 578 830 entius,
596 779 660 839 quae
671 776 771 817 natura
792 775 888 818 rerum
910 760 967 818 sit:
984 763 1126 823 nimirum
1142 765 1215 824 enim

326 845 412 923 inops
433 781 481 902 ilie
506 842 530 900 si
550 840 645 901 bonus
664 837 705 900 est
725 843 790 906 vir.
810 841 897 900 etiarn
915 843 941 899 'si
963 839 1076 903 referre
1098 845 1215 926 gratiam

325 945 388 986 non
407 919 521 1005 potest,
549 943 566 982 2
588 922 694 983 habere
712 921 791 981 cette
804 920 909 1002 potest.
921 919 1096 985 Commode
1108 943 1216 999 autem,

325 1008 504 1088 quicumque
526 1005 614 1077 dixit,
633 1004 777 1085 pecuniam
795 1005 968 1084 quidemr,
985 1027 1042 1066 non
1058 1005 1214 1088 reddidrffer

325 1091 375 1168 qui
394 1089 556 1157 reddiderit,
578 1107 633 1145 non
653 1087 748 1144 habere
760 1106 770 1144 .·
784 1087 901 1168 gratiam
921 1103 1012 1146 cutem
1027 1088 1057 1147 dt
1074 1091 1124 1169 qui
1143 1109 1214 1150 retu-

325 1171 409 1242 lerit,
439 1171 553 1240 dolere,⁸
577 1167 604 1226 d
629 1170 678 1246 qui
696 1168 816 1241 lrabeat,
845 1165 969 1247 retuliffe.

366 1272 417 1332 70.
434 1253 495 1325 At,
517 1253 567 1331 qui
587 1249 616 1309 se
630 1249 818 1328 locupletes,
843 1249 1026 1321 honoratos,
1046 1249 1150 1313 beatos
1162 1273 1213 1332 pu·

323 1349 401 1406 tant,
411 1335 439 1394 hi
451 1353 488 1394 ne
498 1330 619 1412 obligari
669 1330 747 1390 idem
761 1328 909 1391 beneficio
919 1331 1038 1404 volunt,
1049 1334 1213 1414 quinetiam

324 1413 500 1476 beneficium
520 1413 549 1473 se
562 1351 669 1473 dedii:
685 1412 877 1483 arbitrantur,
899 1433 987 1494 quum
1004 1415 1061 1494 ipsi
1079 1419 1213 1498 quamvis

393 1519 462 1558 num
485 1495 605 1576 aliquod
625 1497 818 1574 acceperint:
844 1511 930 1576 atque
953 1496 1041 1555 etiam
1065 1519 1091 1561 a,
1107 1495 1136 1556 se
1164 1513 1214 1558 aut

321 1515 476 1660 ¹plffiulari,
495 1597 543 1637 aut
562 1574 704 1657 expedari
720 1575 829 1656 aliquid
846 1575 1029 1656 supirantut:
1048 1580 1214 1658 patrocinio

322 1659 398 1720 veri>
411 1659 438 1719 se
451 1657 533 1728 usos,
557 1659 589 1719 dc
609 1657 732 1718 clientes
750 1657 911 1739 appellari,
932 1660 1035 1719 mortis
1053 1658 1142 1720 instar
1158 1681 1214 1744 pu·

321 1757 396 1803 tunt.
415 1740 456 1802 At
473 1741 546 1800 vero
561 1739 610 1799 ille
621 1741 733 1808 tenuis,
752 1757 842 1820 quum
854 1784 865 1810 ,
877 1740 1019 1821 quidquid
1038 1738 1146 1802 fadum
1158 1743 1213 1816 sit,

322 1821 352 1884 se
365 1821 541 1905 spedatutn‚
558 1841 618 1882 non
637 1821 782 1883 fortunam
794 1837 889 1903 putet,
905 1842 964 1882 non
976 1822 1071 1882 modo
1082 1823 1144 1895 illi,
1161 1823 1211 1906 qui

323 1903 366 1967 est
378 1905 518 1978 meritus,
545 1901 694 1965 sedetiam
715 1903 789 1975 illis,
810 1923 827 1960 a
849 1901 951 1984 quibus
971 1902 1106 1984 expediat
1121 1905 1213 1988 (eget

321 1989 401 2048 enirn
425 1983 545 2067 multis)
580 2003 692 2070 gratum
717 1982 864 2044 se=videri
882 1981 1001 2062 studet:
1020 2005 1057 2045 ne
1081 2005 1119 2046 ue
1138 1987 1211 2049 veria

321 2069 422 2130 uerbis
445 2087 533 2151 auget
553 2066 633 2128 suurn
657 2085 785 2136 munus,
815 2065 839 2124 si
866 2085 927 2147 quo
952 2065 1030 2127 forte
1059 2006 1211 2151 iungitur.

320 2151 372 2212 sed
396 2151 483 2212 etiarn
508 2165 655 2210 extenuat.
686 2145 915 2228 Videndumque
938 2146 1102 2243 illud-est,
1129 2149 1210 2231 qued

319 2228 1211 2392 :lt’llllllllllill?lssnl²{sslli‘3⁵n¹;sllllll’

361 2413 389 2451 m
399 2438 408 2463 ,
420 2392 547 2474 probum
559 2408 657 2452 tamen
669 2393 700 2454 δι
711 2390 875 2452 modestum
886 2413 896 2465 ;
907 2412 1011 2451 omnes
1020 2413 1082 2454 non
1094 2397 1205 2476 impro-

318 2413 482 2535 dihutniles
495 2474 582 2556 (quae
592 2474 735 2556 magnoin
767 2474 859 2553 opulo
868 2473 1023 2534 multitudo
1035 2473 1100 2559 est)
1113 2477 1206 2558 prati·

319 2557 400 2618 diurn
412 2558 465 2617 sibi
477 2574 607 2637 paratum
620 2496 947 2634 vident.5uatnobrem
957 2556 1063 2616 melius
1071 2558 1149 2639 apud
1158 2557 1205 2618 fio·

317 2662 389 2713 nos,
400 2639 487 2723 quim
499 2640 576 2720 apud
587 2637 766 2709 fortunatos,
780 2635 957 2697 beneficium
971 2637 1110 2700 collocari
1121 2639 1211 2720 puto!

320 2747 323 2756 ·
358 2741 409 2798 7¹·
431 2719 536 2782 Danda
554 2721 677 2782 omnino
699 2717 865 2799 operaest,
883 2737 915 2778 ut
934 2720 1016 2778 omni
1034 2723 1135 2799 generi
1157 2719 1201 2781 sa·

317 2803 453 2866 tisiacete
469 2806 635 2884 possimus:
656 2799 705 2860 sed
724 2802 748 2859 si
768 2819 842 2882 res3
862 2801 892 2859 in
913 2803 1135 2862 contentionem
1152 2822 1204 2863 ve·

316 2888 395 2956 niet,
422 2885 558 2944 nimirum
581 2881 796 2943 Themistocles
815 2880 857 2942 est
876 2880 976 2942 audior
1000 2881 1202 2957 adhibendus;

315 2970 365 3048 qui
388 2985 477 3059 quum
500 2963 719 3036 consuleretur,
746 2963 843 3023 utrlun
867 2964 947 3023 bono
972 2965 1039 3024 viro
1063 2967 1203 3047 pauperi,

314 3067 351 3108 an
371 3065 467 3105 nunus
486 3047 608 3124 probato
633 3045 719 3104 diviti
741 3042 829 3103 filiam
848 3046 1025 3106 collocaret:
1043 3048 1200 3129 Egoverd‚

313 3130 427 3210 inquit,
448 3129 520 3185 malo
532 3130 636 3194 vinem.
653 3129 701 3206 qui
709 3127 828 3207 pecunid
839 3146 929 3207 egeat,
947 3127 1028 3205 qudm
1038 3130 1201 3207 pecuniam,

315 3210 460 3293 querito.
481 3206 541 3269 Sed
563 3210 693 3289 corrupti
716 3229 814 3269 mores
838 3208 1046 3290 depravatique
1067 3210 1132 3271 sunt
1150 3211 1202 3271 ad·

346 3359 464 3411 allaim
475 3357 534 3408 certi
543 3357 625 3423 poten.
641 3356 743 3420 decepti
775 3357 883 3409 silonem
901 3359 996 3417 veniet,
1016 3369 1042 3410 ut
1058 3362 1202 3416 statuendum

312 3426 421 3478 beneficii
443 3423 508 3477 cene
526 3437 617 3474 memor
633 3421 677 3475 elle
697 3436 743 3488 po·
775 3422 804 3471 sit
817 3434 892 3474 utrum
904 3424 964 3490 apud
983 3423 1077 3490 bonos,
1095 3444 1124 3478 an
1141 3430 1203 3496 apud

311 3493 364 3544 gen,
774 3485 905 3542 fortunatos
927 3489 1068 3545 heneficium
1091 3493 1203 3550 colloce-

344 3569 357 3622 3
377 3554 404 3605 ln
416 3557 598 3607 contentionem.
618 3551 644 3605 ln
659 3551 740 3621 diiqui·
775 3565 837 3608 mur.
