<?xml version="1.0" encoding="UTF-8"?>
<!DOCTYPE html PUBLIC "-//W3C//DTD XHTML 1.0 Transitional//EN"
    "http://www.w3.org/TR/xhtml1/DTD/xhtml1-transitional.dtd">
<html xmlns="http://www.w3.org/1999/xhtml" xml:lang="en" lang="en">
 <head>
  <title>
</title>
<meta http-equiv="Content-Type" content="text/html;charset=utf-8" />
  <meta name='ocr-system' content='tesseract 3.04.00' />
  <meta name='ocr-capabilities' content='ocr_page ocr_carea ocr_par ocr_line ocrx_word'/>
</head>
<body>
  <div class='ocr_page' id='page_1' title='image "./selectaoperaphi00cicegoog_0337.png"; bbox 0 0 2817 4267; ppageno 0'>
   <div class='ocr_carea' id='block_1_1' title="bbox 555 354 1117 492">
    <p class='ocr_par' dir='ltr' id='par_1_1' title="bbox 555 354 1117 492">
     <span class='ocr_line' id='line_1_1' title="bbox 555 354 1117 492; baseline 0 -19"><span class='ocrx_word' id='word_1_1' title='bbox 555 409 736 490; x_wconf 66' lang='lat' dir='ltr'>Lim</span> <span class='ocrx_word' id='word_1_2' title='bbox 776 403 879 474; x_wconf 41' lang='lat' dir='ltr'>Vs</span> <span class='ocrx_word' id='word_1_3' title='bbox 979 447 985 454; x_wconf 86' lang='lat'><em>-</em></span> <span class='ocrx_word' id='word_1_4' title='bbox 1056 354 1117 492; x_wconf 59' lang='lat' dir='ltr'>gip</span> 
     </span>
    </p>
   </div>
   <div class='ocr_carea' id='block_1_2' title="bbox 222 513 1180 3192">
    <p class='ocr_par' dir='ltr' id='par_1_2' title="bbox 222 513 1180 3192">
     <span class='ocr_line' id='line_1_2' title="bbox 231 513 1117 600; baseline -0.005 -19"><span class='ocrx_word' id='word_1_5' title='bbox 231 517 366 600; x_wconf 64' lang='lat' dir='ltr'>hippium</span> <span class='ocrx_word' id='word_1_6' title='bbox 394 514 511 597; x_wconf 87' lang='lat' dir='ltr'>quidem</span> <span class='ocrx_word' id='word_1_7' title='bbox 533 534 664 576; x_wconf 87' lang='lat' dir='ltr'>veterem</span> <span class='ocrx_word' id='word_1_8' title='bbox 689 516 794 589; x_wconf 91' lang='lat' dir='ltr'>illurn,</span> <span class='ocrx_word' id='word_1_9' title='bbox 827 513 878 596; x_wconf 88' lang='lat' dir='ltr'>qui</span> <span class='ocrx_word' id='word_1_10' title='bbox 903 531 995 576; x_wconf 78' lang='lat' dir='ltr'>cacus</span> <span class='ocrx_word' id='word_1_11' title='bbox 1025 535 1117 578; x_wconf 85' lang='lat' dir='ltr'>annos</span> 
     </span>
     <span class='ocr_line' id='line_1_3' title="bbox 233 596 1120 677; baseline -0.003 -17"><span class='ocrx_word' id='word_1_12' title='bbox 233 602 342 660; x_wconf 86' lang='lat' dir='ltr'>multos</span> <span class='ocrx_word' id='word_1_13' title='bbox 362 596 436 669; x_wconf 89' lang='lat' dir='ltr'>suit,</span> <span class='ocrx_word' id='word_1_14' title='bbox 462 598 494 658; x_wconf 91' lang='lat'>&amp;</span> <span class='ocrx_word' id='word_1_15' title='bbox 516 618 551 657; x_wconf 85' lang='lat' dir='ltr'>ex</span> <span class='ocrx_word' id='word_1_16' title='bbox 569 596 797 677; x_wconf 84' lang='lat' dir='ltr'>magistratibus,</span> <span class='ocrx_word' id='word_1_17' title='bbox 819 596 852 657; x_wconf 69' lang='grc' dir='ltr'>ὃ(</span> <span class='ocrx_word' id='word_1_18' title='bbox 873 614 910 656; x_wconf 82' lang='lat' dir='ltr'>ex</span> <span class='ocrx_word' id='word_1_19' title='bbox 930 596 1014 657; x_wconf 83' lang='lat' dir='ltr'>rebus</span> <span class='ocrx_word' id='word_1_20' title='bbox 1032 596 1120 677; x_wconf 78' lang='lat' dir='ltr'>gellis</span> 
     </span>
     <span class='ocr_line' id='line_1_4' title="bbox 235 677 1119 759; baseline -0.001 -20"><span class='ocrx_word' id='word_1_21' title='bbox 235 679 424 759; x_wconf 79' lang='lat' dir='ltr'>intelligimus</span> <span class='ocrx_word' id='word_1_22' title='bbox 443 680 471 736; x_wconf 94' lang='lat' dir='ltr'>in</span> <span class='ocrx_word' id='word_1_23' title='bbox 484 677 534 737; x_wconf 90' lang='lat' dir='ltr'>illo</span> <span class='ocrx_word' id='word_1_24' title='bbox 555 678 604 738; x_wconf 92' lang='lat' dir='ltr'>suo</span> <span class='ocrx_word' id='word_1_25' title='bbox 622 681 686 737; x_wconf 88' lang='lat' dir='ltr'>casu</span> <span class='ocrx_word' id='word_1_26' title='bbox 708 698 761 737; x_wconf 90' lang='lat' dir='ltr'>nec</span> <span class='ocrx_word' id='word_1_27' title='bbox 776 679 982 757; x_wconf 71' lang='lat' dir='ltr'>privato,&#39;nec</span> <span class='ocrx_word' id='word_1_28' title='bbox 1000 680 1119 758; x_wconf 79' lang='lat' dir='ltr'>publico</span> 
     </span>
     <span class='ocr_line' id='line_1_5' title="bbox 235 756 1120 840; baseline -0.001 -19"><span class='ocrx_word' id='word_1_29' title='bbox 235 765 354 821; x_wconf 85' lang='lat' dir='ltr'>muneri</span> <span class='ocrx_word' id='word_1_30' title='bbox 376 757 503 818; x_wconf 83' lang='lat' dir='ltr'>defuisse.</span> <span class='ocrx_word' id='word_1_31' title='bbox 523 757 559 819; x_wconf 89' lang='lat' dir='ltr'>C.</span> <span class='ocrx_word' id='word_1_32' title='bbox 577 776 672 819; x_wconf 89' lang='lat' dir='ltr'>autem</span> <span class='ocrx_word' id='word_1_33' title='bbox 693 756 780 819; x_wconf 88' lang='lat' dir='ltr'>Drusr</span> <span class='ocrx_word' id='word_1_34' title='bbox 803 759 924 820; x_wconf 84' lang='lat' dir='ltr'>domurn</span> <span class='ocrx_word' id='word_1_35' title='bbox 945 758 1120 840; x_wconf 73' lang='lat' dir='ltr'>complerih</span> 
     </span>
     <span class='ocr_line' id='line_1_6' title="bbox 236 839 1120 923; baseline -0.001 -23"><span class='ocrx_word' id='word_1_36' title='bbox 236 842 449 901; x_wconf 80' lang='lat' dir='ltr'><strong>consultoribus</strong></span> <span class='ocrx_word' id='word_1_37' title='bbox 469 839 580 900; x_wconf 91' lang='lat' dir='ltr'>solitam</span> <span class='ocrx_word' id='word_1_38' title='bbox 591 841 776 920; x_wconf 86' lang='lat' dir='ltr'>accepimus:</span> <span class='ocrx_word' id='word_1_39' title='bbox 799 860 816 899; x_wconf 86' lang='lat'>2</span> <span class='ocrx_word' id='word_1_40' title='bbox 834 842 920 914; x_wconf 87' lang='lat' dir='ltr'>cbrn,</span> <span class='ocrx_word' id='word_1_41' title='bbox 935 861 1058 923; x_wconf 88' lang='lat' dir='ltr'>quorum</span> <span class='ocrx_word' id='word_1_42' title='bbox 1073 860 1120 901; x_wconf 83' lang='lat' dir='ltr'>res</span> 
     </span>
     <span class='ocr_line' id='line_1_7' title="bbox 237 921 1121 1002; baseline -0.001 -20"><span class='ocrx_word' id='word_1_43' title='bbox 237 922 331 991; x_wconf 82' lang='lat' dir='ltr'>esser,</span> <span class='ocrx_word' id='word_1_44' title='bbox 366 921 413 981; x_wconf 90' lang='lat' dir='ltr'>sua</span> <span class='ocrx_word' id='word_1_45' title='bbox 445 923 502 1002; x_wconf 85' lang='lat' dir='ltr'>ipsi</span> <span class='ocrx_word' id='word_1_46' title='bbox 529 942 589 982; x_wconf 91' lang='lat' dir='ltr'>non</span> <span class='ocrx_word' id='word_1_47' title='bbox 616 922 780 995; x_wconf 88' lang='lat' dir='ltr'>videbant,</span> <span class='ocrx_word' id='word_1_48' title='bbox 806 942 916 983; x_wconf 80' lang='lat' dir='ltr'>caecum</span> <span class='ocrx_word' id='word_1_49' title='bbox 944 922 1121 985; x_wconf 80' lang='lat' dir='ltr'>adhibebant</span> 
     </span>
     <span class='ocr_line' id='line_1_8' title="bbox 240 1007 1109 1065; baseline -0.001 0"><span class='ocrx_word' id='word_1_50' title='bbox 240 1007 357 1065; x_wconf 58' lang='lat' dir='ltr'>mm.</span> <span class='ocrx_word' id='word_1_51' title='bbox 1105 1057 1109 1064; x_wconf 90' lang='lat'>.</span> 
     </span>
     <span class='ocr_line' id='line_1_9' title="bbox 265 1078 1123 1164; baseline 0.005 -20"><span class='ocrx_word' id='word_1_52' title='bbox 265 1082 425 1144; x_wconf 82' lang='lat' dir='ltr'><strong>-XXXlX.</strong></span> <span class='ocrx_word' id='word_1_53' title='bbox 446 1081 542 1142; x_wconf 84' lang='lat' dir='ltr'>Pueris</span> <span class='ocrx_word' id='word_1_54' title='bbox 560 1083 645 1143; x_wconf 87' lang='lat' dir='ltr'>nobis</span> <span class='ocrx_word' id='word_1_55' title='bbox 664 1080 722 1144; x_wconf 78' lang='lat' dir='ltr'>Cn.</span> <span class='ocrx_word' id='word_1_56' title='bbox 742 1078 877 1144; x_wconf 77' lang='lat' dir='ltr'>Aufidius</span> <span class='ocrx_word' id='word_1_57' title='bbox 896 1087 1067 1164; x_wconf 81' lang='lat' dir='ltr'>praetorius,</span> <span class='ocrx_word' id='word_1_58' title='bbox 1088 1085 1123 1148; x_wconf 75' lang='lat' dir='ltr'>dt</span> 
     </span>
     <span class='ocr_line' id='line_1_10' title="bbox 240 1163 1124 1235; baseline 0 -11"><span class='ocrx_word' id='word_1_59' title='bbox 240 1167 271 1224; x_wconf 91' lang='lat' dir='ltr'>in</span> <span class='ocrx_word' id='word_1_60' title='bbox 289 1167 387 1224; x_wconf 85' lang='lat' dir='ltr'>senatu</span> <span class='ocrx_word' id='word_1_61' title='bbox 412 1163 580 1225; x_wconf 81' lang='lat' dir='ltr'>sententiam</span> <span class='ocrx_word' id='word_1_62' title='bbox 601 1164 737 1235; x_wconf 89' lang='lat' dir='ltr'>dicebat,</span> <span class='ocrx_word' id='word_1_63' title='bbox 757 1185 811 1224; x_wconf 92' lang='lat' dir='ltr'>nec</span> <span class='ocrx_word' id='word_1_64' title='bbox 835 1164 933 1225; x_wconf 85' lang='lat' dir='ltr'>amicis</span> <span class='ocrx_word' id='word_1_65' title='bbox 958 1166 1124 1227; x_wconf 88' lang='lat' dir='ltr'>deliberan-</span> 
     </span>
     <span class='ocr_line' id='line_1_11' title="bbox 240 1243 1125 1320; baseline 0.001 -16"><span class='ocrx_word' id='word_1_66' title='bbox 240 1247 317 1304; x_wconf 81' lang='lat' dir='ltr'>tibus</span> <span class='ocrx_word' id='word_1_67' title='bbox 336 1246 454 1320; x_wconf 80' lang='lat' dir='ltr'>deerat,</span> <span class='ocrx_word' id='word_1_68' title='bbox 473 1248 505 1307; x_wconf 89' lang='lat'>&amp;</span> <span class='ocrx_word' id='word_1_69' title='bbox 522 1243 655 1305; x_wconf 86' lang='lat' dir='ltr'>Graecam</span> <span class='ocrx_word' id='word_1_70' title='bbox 667 1244 806 1305; x_wconf 86' lang='lat' dir='ltr'>scribebat</span> <span class='ocrx_word' id='word_1_71' title='bbox 821 1245 983 1317; x_wconf 89' lang='lat' dir='ltr'>hisloriatn,</span> <span class='ocrx_word' id='word_1_72' title='bbox 998 1248 1029 1310; x_wconf 70' lang='grc' dir='ltr'>ὃ(</span> <span class='ocrx_word' id='word_1_73' title='bbox 1042 1247 1125 1306; x_wconf 83' lang='lat' dir='ltr'>vide·</span> 
     </span>
     <span class='ocr_line' id='line_1_12' title="bbox 241 1324 1126 1389; baseline 0.003 -5"><span class='ocrx_word' id='word_1_74' title='bbox 241 1325 291 1385; x_wconf 86' lang='lat' dir='ltr'>bat</span> <span class='ocrx_word' id='word_1_75' title='bbox 308 1328 337 1385; x_wconf 93' lang='lat' dir='ltr'>in</span> <span class='ocrx_word' id='word_1_76' title='bbox 355 1325 455 1387; x_wconf 83' lang='lat' dir='ltr'>literis.</span> <span class='ocrx_word' id='word_1_77' title='bbox 485 1324 638 1386; x_wconf 88' lang='lat' dir='ltr'>Diodorus</span> <span class='ocrx_word' id='word_1_78' title='bbox 656 1326 772 1387; x_wconf 86' lang='lat' dir='ltr'>Stoicus</span> <span class='ocrx_word' id='word_1_79' title='bbox 793 1347 886 1387; x_wconf 80' lang='lat' dir='ltr'>caecus</span> <span class='ocrx_word' id='word_1_80' title='bbox 903 1329 1011 1389; x_wconf 88' lang='lat' dir='ltr'>multos</span> <span class='ocrx_word' id='word_1_81' title='bbox 1033 1349 1126 1388; x_wconf 76' lang='lat' dir='ltr'>annos</span> 
     </span>
     <span class='ocr_line' id='line_1_13' title="bbox 243 1405 1126 1490; baseline 0.002 -23"><span class='ocrx_word' id='word_1_82' title='bbox 243 1405 346 1467; x_wconf 87' lang='lat' dir='ltr'>nostrae</span> <span class='ocrx_word' id='word_1_83' title='bbox 367 1408 447 1468; x_wconf 90' lang='lat' dir='ltr'>domi</span> <span class='ocrx_word' id='word_1_84' title='bbox 460 1409 541 1466; x_wconf 87' lang='lat' dir='ltr'>vixit.</span> <span class='ocrx_word' id='word_1_85' title='bbox 560 1406 589 1467; x_wconf 91' lang='lat' dir='ltr'>ls</span> <span class='ocrx_word' id='word_1_86' title='bbox 609 1408 699 1481; x_wconf 82' lang='lat' dir='ltr'>verb,</span> <span class='ocrx_word' id='word_1_87' title='bbox 722 1407 803 1490; x_wconf 80' lang='lat' dir='ltr'>quod</span> <span class='ocrx_word' id='word_1_88' title='bbox 823 1407 961 1469; x_wconf 82' lang='lat' dir='ltr'>credibile</span> <span class='ocrx_word' id='word_1_89' title='bbox 976 1411 1026 1469; x_wconf 87' lang='lat' dir='ltr'>vix</span> <span class='ocrx_word' id='word_1_90' title='bbox 1039 1408 1126 1481; x_wconf 79' lang='lat' dir='ltr'>esset,</span> 
     </span>
     <span class='ocr_line' id='line_1_14' title="bbox 242 1488 1127 1574; baseline 0.001 -25"><span class='ocrx_word' id='word_1_91' title='bbox 242 1493 311 1549; x_wconf 87' lang='lat' dir='ltr'>citor</span> <span class='ocrx_word' id='word_1_92' title='bbox 323 1491 353 1548; x_wconf 94' lang='lat' dir='ltr'>in</span> <span class='ocrx_word' id='word_1_93' title='bbox 372 1488 554 1570; x_wconf 84' lang='lat' dir='ltr'>philosophia</span> <span class='ocrx_word' id='word_1_94' title='bbox 566 1489 767 1574; x_wconf 76' lang='lat' dir='ltr'>tnultbetiam</span> <span class='ocrx_word' id='word_1_95' title='bbox 780 1490 870 1571; x_wconf 82' lang='lat' dir='ltr'>magis</span> <span class='ocrx_word' id='word_1_96' title='bbox 881 1490 1014 1563; x_wconf 77' lang='lat' dir='ltr'>assidue,</span> <span class='ocrx_word' id='word_1_97' title='bbox 1037 1490 1127 1572; x_wconf 75' lang='lat' dir='ltr'>quim</span> 
     </span>
     <span class='ocr_line' id='line_1_15' title="bbox 241 1568 1126 1653; baseline 0.005 -25"><span class='ocrx_word' id='word_1_98' title='bbox 241 1569 350 1643; x_wconf 76' lang='lat' dir='ltr'>anteit,</span> <span class='ocrx_word' id='word_1_99' title='bbox 383 1570 567 1642; x_wconf 85' lang='lat' dir='ltr'>versaretur,</span> <span class='ocrx_word' id='word_1_100' title='bbox 597 1570 629 1631; x_wconf 76' lang='grc' dir='ltr'>δι</span> <span class='ocrx_word' id='word_1_101' title='bbox 657 1573 724 1631; x_wconf 83' lang='lat' dir='ltr'>cbut</span> <span class='ocrx_word' id='word_1_102' title='bbox 745 1568 850 1631; x_wconf 87' lang='lat' dir='ltr'>fidibus</span> <span class='ocrx_word' id='word_1_103' title='bbox 875 1569 1126 1653; x_wconf 81' lang='lat' dir='ltr'>Pythagoreorum</span> 
     </span>
     <span class='ocr_line' id='line_1_16' title="bbox 243 1649 1129 1734; baseline 0.006 -23"><span class='ocrx_word' id='word_1_104' title='bbox 243 1672 328 1711; x_wconf 87' lang='lat' dir='ltr'>more</span> <span class='ocrx_word' id='word_1_105' title='bbox 346 1669 489 1720; x_wconf 90' lang='lat' dir='ltr'>ureretur,</span> <span class='ocrx_word' id='word_1_106' title='bbox 512 1652 637 1733; x_wconf 86' lang='lat' dir='ltr'>crlmque</span> <span class='ocrx_word' id='word_1_107' title='bbox 658 1653 685 1711; x_wconf 91' lang='lat' dir='ltr'>ei</span> <span class='ocrx_word' id='word_1_108' title='bbox 705 1651 771 1710; x_wconf 84' lang='lat' dir='ltr'>libri</span> <span class='ocrx_word' id='word_1_109' title='bbox 797 1649 896 1712; x_wconf 74' lang='lat' dir='ltr'>nosles</span> <span class='ocrx_word' id='word_1_110' title='bbox 916 1654 1027 1714; x_wconf 89' lang='lat' dir='ltr'>&amp;dies</span> <span class='ocrx_word' id='word_1_111' title='bbox 1047 1653 1129 1734; x_wconf 79' lang='lat' dir='ltr'>lege·</span> 
     </span>
     <span class='ocr_line' id='line_1_17' title="bbox 245 1729 1128 1817; baseline 0.005 -25"><span class='ocrx_word' id='word_1_112' title='bbox 245 1750 365 1800; x_wconf 88' lang='lat' dir='ltr'>rentur,</span> <span class='ocrx_word' id='word_1_113' title='bbox 379 1735 481 1809; x_wconf 86' lang='lat' dir='ltr'>quibus</span> <span class='ocrx_word' id='word_1_114' title='bbox 494 1734 522 1791; x_wconf 90' lang='lat' dir='ltr'>in</span> <span class='ocrx_word' id='word_1_115' title='bbox 533 1730 629 1792; x_wconf 90' lang='lat' dir='ltr'>sludiis</span> <span class='ocrx_word' id='word_1_116' title='bbox 641 1730 732 1792; x_wconf 89' lang='lat' dir='ltr'>oculis</span> <span class='ocrx_word' id='word_1_117' title='bbox 745 1751 805 1803; x_wconf 91' lang='lat' dir='ltr'>non</span> <span class='ocrx_word' id='word_1_118' title='bbox 822 1729 925 1814; x_wconf 85' lang='lat' dir='ltr'>egebat</span> <span class='ocrx_word' id='word_1_119' title='bbox 938 1754 946 1793; x_wconf 90' lang='lat' dir='ltr'>r</span> <span class='ocrx_word' id='word_1_120' title='bbox 966 1751 1026 1795; x_wconf 91' lang='lat' dir='ltr'>turn</span> <span class='ocrx_word' id='word_1_121' title='bbox 1045 1731 1128 1817; x_wconf 89' lang='lat' dir='ltr'>quod</span> 
     </span>
     <span class='ocr_line' id='line_1_18' title="bbox 245 1810 1128 1896; baseline 0.002 -24"><span class='ocrx_word' id='word_1_122' title='bbox 245 1815 308 1872; x_wconf 87' lang='lat' dir='ltr'>sine</span> <span class='ocrx_word' id='word_1_123' title='bbox 322 1813 413 1871; x_wconf 90' lang='lat' dir='ltr'>oculis</span> <span class='ocrx_word' id='word_1_124' title='bbox 430 1811 492 1870; x_wconf 86' lang='lat' dir='ltr'>fieri</span> <span class='ocrx_word' id='word_1_125' title='bbox 506 1810 584 1889; x_wconf 87' lang='lat' dir='ltr'>polle</span> <span class='ocrx_word' id='word_1_126' title='bbox 596 1813 646 1870; x_wconf 84' lang='lat' dir='ltr'>vix</span> <span class='ocrx_word' id='word_1_127' title='bbox 657 1812 794 1884; x_wconf 84' lang='lat' dir='ltr'>viderur,</span> <span class='ocrx_word' id='word_1_128' title='bbox 812 1834 828 1896; x_wconf 82' lang='lat'>3</span> <span class='ocrx_word' id='word_1_129' title='bbox 842 1818 1010 1894; x_wconf 71' lang='lat' dir='ltr'>geometria</span> <span class='ocrx_word' id='word_1_130' title='bbox 1023 1836 1128 1876; x_wconf 87' lang='lat' dir='ltr'>munus</span> 
     </span>
     <span class='ocr_line' id='line_1_19' title="bbox 245 1891 1127 1978; baseline 0.006 -26"><span class='ocrx_word' id='word_1_131' title='bbox 245 1893 398 1963; x_wconf 89' lang='lat' dir='ltr'>tuebatur,</span> <span class='ocrx_word' id='word_1_132' title='bbox 432 1892 532 1951; x_wconf 86' lang='lat' dir='ltr'>verbis</span> <span class='ocrx_word' id='word_1_133' title='bbox 555 1893 725 1972; x_wconf 73' lang='lat' dir='ltr'>precipiens</span> <span class='ocrx_word' id='word_1_134' title='bbox 754 1891 947 1969; x_wconf 80' lang='lat' dir='ltr'>discentibus,</span> <span class='ocrx_word' id='word_1_135' title='bbox 980 1896 1127 1978; x_wconf 77' lang='lat' dir='ltr'>4unde‚</span> 
     </span>
     <span class='ocr_line' id='line_1_20' title="bbox 245 1971 1130 2057; baseline 0.008 -25"><span class='ocrx_word' id='word_1_136' title='bbox 245 1975 327 2053; x_wconf 84' lang='lat' dir='ltr'>qub,</span> <span class='ocrx_word' id='word_1_137' title='bbox 355 1993 499 2053; x_wconf 88' lang='lat' dir='ltr'>quamque</span> <span class='ocrx_word' id='word_1_138' title='bbox 526 1974 631 2033; x_wconf 89' lang='lat' dir='ltr'>lineam</span> <span class='ocrx_word' id='word_1_139' title='bbox 655 1971 824 2035; x_wconf 84' lang='lat' dir='ltr'>scriberent.</span> <span class='ocrx_word' id='word_1_140' title='bbox 850 1973 1053 2057; x_wconf 78' lang='lat' dir='ltr'>Asclepiadem</span> <span class='ocrx_word' id='word_1_141' title='bbox 1082 1977 1130 2039; x_wconf 87' lang='lat' dir='ltr'>se·</span> 
     </span>
     <span class='ocr_line' id='line_1_21' title="bbox 247 2052 1130 2140; baseline 0.006 -25"><span class='ocrx_word' id='word_1_142' title='bbox 247 2073 313 2116; x_wconf 89' lang='lat' dir='ltr'>runt</span> <span class='ocrx_word' id='word_1_143' title='bbox 330 2076 390 2114; x_wconf 91' lang='lat' dir='ltr'>non</span> <span class='ocrx_word' id='word_1_144' title='bbox 405 2053 566 2135; x_wconf 86' lang='lat' dir='ltr'>ignobilem</span> <span class='ocrx_word' id='word_1_145' title='bbox 578 2052 738 2115; x_wconf 87' lang='lat' dir='ltr'>Eretricum</span> <span class='ocrx_word' id='word_1_146' title='bbox 751 2054 955 2137; x_wconf 84' lang='lat' dir='ltr'>philosophum</span> <span class='ocrx_word' id='word_1_147' title='bbox 965 2103 976 2128; x_wconf 84' lang='lat'>‚</span> <span class='ocrx_word' id='word_1_148' title='bbox 986 2062 1050 2120; x_wconf 88' lang='lat' dir='ltr'>chnr</span> <span class='ocrx_word' id='word_1_149' title='bbox 1064 2062 1130 2140; x_wconf 89' lang='lat' dir='ltr'>qui·</span> 
     </span>
     <span class='ocr_line' id='line_1_22' title="bbox 247 2133 1180 2221; baseline 0.004 -24"><span class='ocrx_word' id='word_1_150' title='bbox 247 2133 1180 2221; x_wconf 54' lang='lat' dir='ltr'>mmwmnmwffldcmmsmfflffimmspmfflh,&#39;</span> 
     </span>
     <span class='ocr_line' id='line_1_23' title="bbox 246 2213 1131 2295; baseline 0.002 -16"><span class='ocrx_word' id='word_1_151' title='bbox 246 2222 336 2281; x_wconf 80' lang='lat' dir='ltr'>Puero</span> <span class='ocrx_word' id='word_1_152' title='bbox 350 2239 379 2277; x_wconf 89' lang='grc' dir='ltr'>ιιι</span> <span class='ocrx_word' id='word_1_153' title='bbox 391 2238 445 2275; x_wconf 84' lang='lat' dir='ltr'>uno</span> <span class='ocrx_word' id='word_1_154' title='bbox 463 2213 523 2293; x_wconf 71' lang='lat' dir='ltr'>effer</span> <span class='ocrx_word' id='word_1_155' title='bbox 537 2217 696 2277; x_wconf 81' lang='lat' dir='ltr'>comitatior.</span> <span class='ocrx_word' id='word_1_156' title='bbox 715 2215 850 2295; x_wconf 45' lang='lat' dir='ltr'>Ursenim</span> <span class='ocrx_word' id='word_1_157' title='bbox 867 2219 918 2279; x_wconf 84' lang='lat' dir='ltr'>vel</span> <span class='ocrx_word' id='word_1_158' title='bbox 934 2218 1044 2281; x_wconf 86' lang='lat' dir='ltr'>summa</span> <span class='ocrx_word' id='word_1_159' title='bbox 1075 2242 1131 2281; x_wconf 84' lang='lat' dir='ltr'>au·</span> 
     </span>
     <span class='ocr_line' id='line_1_24' title="bbox 246 2243 1132 2382; baseline 0.003 -22"><span class='ocrx_word' id='word_1_160' title='bbox 246 2319 343 2381; x_wconf 87' lang='lat' dir='ltr'>pertas</span> <span class='ocrx_word' id='word_1_161' title='bbox 357 2298 513 2358; x_wconf 87' lang='lat' dir='ltr'>tolerabilis</span> <span class='ocrx_word' id='word_1_162' title='bbox 529 2296 582 2371; x_wconf 87' lang='lat' dir='ltr'>sit,</span> <span class='ocrx_word' id='word_1_163' title='bbox 602 2300 626 2357; x_wconf 84' lang='lat' dir='ltr'>ti</span> <span class='ocrx_word' id='word_1_164' title='bbox 645 2298 750 2371; x_wconf 89' lang='lat' dir='ltr'>liceat,</span> <span class='ocrx_word' id='word_1_165' title='bbox 784 2298 845 2360; x_wconf 91' lang='lat' dir='ltr'>uod</span> <span class='ocrx_word' id='word_1_166' title='bbox 861 2243 1132 2382; x_wconf 64' lang='lat' dir='ltr'>quibusdam-(irae-</span> 
     </span>
     <span class='ocr_line' id='line_1_25' title="bbox 247 2321 1131 2463; baseline 0.003 -22"><span class='ocrx_word' id='word_1_167' title='bbox 247 2384 307 2452; x_wconf 86' lang='lat' dir='ltr'>cis‚</span> <span class='ocrx_word' id='word_1_168' title='bbox 327 2380 458 2461; x_wconf 87' lang='lat' dir='ltr'>quotidie</span> <span class='ocrx_word' id='word_1_169' title='bbox 472 2393 482 2440; x_wconf 77' lang='lat' dir='ltr'>:v</span> <span class='ocrx_word' id='word_1_170' title='bbox 496 2382 535 2440; x_wconf 87' lang='lat' dir='ltr'>sic</span> <span class='ocrx_word' id='word_1_171' title='bbox 553 2380 664 2440; x_wconf 86' lang='lat' dir='ltr'>caecitas</span> <span class='ocrx_word' id='word_1_172' title='bbox 685 2377 753 2440; x_wconf 86' lang='lat' dir='ltr'>serti</span> <span class='ocrx_word' id='word_1_173' title='bbox 764 2321 849 2441; x_wconf 63' lang='lat' dir='ltr'>sacili</span> <span class='ocrx_word' id='word_1_174' title='bbox 860 2384 973 2463; x_wconf 84' lang='lat' dir='ltr'>possit,</span> <span class='ocrx_word' id='word_1_175' title='bbox 995 2403 1007 2441; x_wconf 90' lang='grc' dir='ltr'><em>ι</em></span> <span class='ocrx_word' id='word_1_176' title='bbox 1027 2385 1050 2443; x_wconf 87' lang='lat' dir='ltr'>si</span> <span class='ocrx_word' id='word_1_177' title='bbox 1071 2406 1131 2444; x_wconf 90' lang='lat' dir='ltr'>non</span> 
     </span>
     <span class='ocr_line' id='line_1_26' title="bbox 222 2459 1132 2539; baseline 0.005 -18"><span class='ocrx_word' id='word_1_178' title='bbox 222 2531 227 2539; x_wconf 30' lang='grc' dir='ltr'>ι</span> <span class='ocrx_word' id='word_1_179' title='bbox 249 2463 346 2522; x_wconf 84' lang='lat' dir='ltr'>desint</span> <span class='ocrx_word' id='word_1_180' title='bbox 377 2462 502 2521; x_wconf 90' lang='lat' dir='ltr'>subsidia</span> <span class='ocrx_word' id='word_1_181' title='bbox 528 2459 739 2522; x_wconf 79' lang='lat' dir='ltr'>valetudinum.</span> <span class='ocrx_word' id='word_1_182' title='bbox 769 2461 956 2523; x_wconf 86' lang='lat' dir='ltr'>Democritus</span> <span class='ocrx_word' id='word_1_183' title='bbox 978 2464 1132 2526; x_wconf 81' lang='lat' dir='ltr'>luminibus</span> 
     </span>
     <span class='ocr_line' id='line_1_27' title="bbox 248 2540 1135 2626; baseline 0.005 -24"><span class='ocrx_word' id='word_1_184' title='bbox 248 2545 360 2603; x_wconf 87' lang='lat' dir='ltr'>arnissis</span> <span class='ocrx_word' id='word_1_185' title='bbox 380 2544 445 2601; x_wconf 85' lang='lat' dir='ltr'>alba</span> <span class='ocrx_word' id='word_1_186' title='bbox 464 2540 589 2613; x_wconf 84' lang='lat' dir='ltr'>scilicet,</span> <span class='ocrx_word' id='word_1_187' title='bbox 611 2542 644 2601; x_wconf 81' lang='lat' dir='ltr'>dc</span> <span class='ocrx_word' id='word_1_188' title='bbox 662 2558 721 2608; x_wconf 78' lang='lat' dir='ltr'>atra</span> <span class='ocrx_word' id='word_1_189' title='bbox 740 2540 902 2612; x_wconf 85' lang='lat' dir='ltr'>discernere</span> <span class='ocrx_word' id='word_1_190' title='bbox 922 2564 1135 2626; x_wconf 77' lang='lat' dir='ltr'>nonpoteratz</span> 
     </span>
     <span class='ocr_line' id='line_1_28' title="bbox 250 2623 1135 2708; baseline 0.003 -24"><span class='ocrx_word' id='word_1_191' title='bbox 250 2645 280 2684; x_wconf 90' lang='lat' dir='ltr'>at</span> <span class='ocrx_word' id='word_1_192' title='bbox 300 2626 371 2684; x_wconf 87' lang='lat' dir='ltr'>verb</span> <span class='ocrx_word' id='word_1_193' title='bbox 388 2624 483 2694; x_wconf 89' lang='lat' dir='ltr'>bona,</span> <span class='ocrx_word' id='word_1_194' title='bbox 502 2623 595 2693; x_wconf 86' lang='lat' dir='ltr'>mala,</span> <span class='ocrx_word' id='word_1_195' title='bbox 611 2644 692 2702; x_wconf 85' lang='lat' dir='ltr'>aequa</span> <span class='ocrx_word' id='word_1_196' title='bbox 701 2625 714 2693; x_wconf 82' lang='grc'>,’</span> <span class='ocrx_word' id='word_1_197' title='bbox 731 2624 846 2703; x_wconf 84' lang='lat' dir='ltr'>iniqua,</span> <span class='ocrx_word' id='word_1_198' title='bbox 863 2624 1000 2697; x_wconf 80' lang='lat' dir='ltr'>honesta,</span> <span class='ocrx_word' id='word_1_199' title='bbox 1018 2630 1135 2708; x_wconf 85' lang='lat' dir='ltr'>turpia,</span> 
     </span>
     <span class='ocr_line' id='line_1_29' title="bbox 251 2706 1134 2784; baseline 0.006 -20"><span class='ocrx_word' id='word_1_200' title='bbox 251 2706 494 2775; x_wconf 88' lang='lat' dir='ltr'>utilia,inurilia‚</span> <span class='ocrx_word' id='word_1_201' title='bbox 510 2723 629 2783; x_wconf 82' lang='lat' dir='ltr'>magna,</span> <span class='ocrx_word' id='word_1_202' title='bbox 650 2724 738 2782; x_wconf 86' lang='lat' dir='ltr'>parva</span> <span class='ocrx_word' id='word_1_203' title='bbox 751 2722 885 2784; x_wconf 85' lang='lat' dir='ltr'>poterat:</span> <span class='ocrx_word' id='word_1_204' title='bbox 903 2708 934 2769; x_wconf 89' lang='lat'>&amp;</span> <span class='ocrx_word' id='word_1_205' title='bbox 955 2709 1016 2767; x_wconf 88' lang='lat' dir='ltr'>sine</span> <span class='ocrx_word' id='word_1_206' title='bbox 1038 2711 1134 2769; x_wconf 86' lang='lat' dir='ltr'>varie-</span> 
     </span>
     <span class='ocr_line' id='line_1_30' title="bbox 252 2783 1134 2855; baseline 0.003 -9"><span class='ocrx_word' id='word_1_207' title='bbox 252 2804 310 2846; x_wconf 86' lang='lat' dir='ltr'>tate</span> <span class='ocrx_word' id='word_1_208' title='bbox 329 2786 461 2854; x_wconf 85' lang='lat' dir='ltr'>colorum</span> <span class='ocrx_word' id='word_1_209' title='bbox 483 2784 588 2846; x_wconf 84' lang='lat' dir='ltr'>licebat</span> <span class='ocrx_word' id='word_1_210' title='bbox 617 2784 721 2844; x_wconf 83' lang='lat' dir='ltr'>vivete</span> <span class='ocrx_word' id='word_1_211' title='bbox 743 2783 855 2855; x_wconf 71' lang='lat' dir='ltr'>beati,</span> <span class='ocrx_word' id='word_1_212' title='bbox 879 2803 898 2844; x_wconf 83' lang='lat'><em>2</em></span> <span class='ocrx_word' id='word_1_213' title='bbox 925 2789 987 2849; x_wconf 85' lang='lat' dir='ltr'>sine</span> <span class='ocrx_word' id='word_1_214' title='bbox 1012 2794 1134 2849; x_wconf 91' lang='lat' dir='ltr'>notione</span> 
     </span>
     <span class='ocr_line' id='line_1_31' title="bbox 252 2857 1134 2948; baseline 0.005 -21"><span class='ocrx_word' id='word_1_215' title='bbox 252 2887 349 2927; x_wconf 87' lang='lat' dir='ltr'>terum</span> <span class='ocrx_word' id='word_1_216' title='bbox 361 2889 419 2927; x_wconf 93' lang='lat' dir='ltr'>non</span> <span class='ocrx_word' id='word_1_217' title='bbox 433 2857 549 2927; x_wconf 87' lang='lat' dir='ltr'>licebat.</span> <span class='ocrx_word' id='word_1_218' title='bbox 569 2866 668 2946; x_wconf 85' lang='lat' dir='ltr'>Atque</span> <span class='ocrx_word' id='word_1_219' title='bbox 680 2866 727 2926; x_wconf 93' lang='lat' dir='ltr'>hic</span> <span class='ocrx_word' id='word_1_220' title='bbox 739 2868 784 2925; x_wconf 83' lang='lat' dir='ltr'>vir</span> <span class='ocrx_word' id='word_1_221' title='bbox 796 2867 930 2948; x_wconf 87' lang='lat' dir='ltr'>impediri</span> <span class='ocrx_word' id='word_1_222' title='bbox 941 2870 1028 2929; x_wconf 86' lang='lat' dir='ltr'>animi</span> <span class='ocrx_word' id='word_1_223' title='bbox 1047 2872 1134 2930; x_wconf 81' lang='lat' dir='ltr'>etiam</span> 
     </span>
     <span class='ocr_line' id='line_1_32' title="bbox 252 2946 1135 3027; baseline 0.003 -19"><span class='ocrx_word' id='word_1_224' title='bbox 252 2951 346 3009; x_wconf 86' lang='lat' dir='ltr'>acient</span> <span class='ocrx_word' id='word_1_225' title='bbox 374 2946 486 3027; x_wconf 74' lang='lat' dir='ltr'>aspeslu</span> <span class='ocrx_word' id='word_1_226' title='bbox 517 2948 669 3008; x_wconf 88' lang='lat' dir='ltr'>oculorum</span> <span class='ocrx_word' id='word_1_227' title='bbox 695 2946 906 3019; x_wconf 83' lang='lat' dir='ltr'>arbitrabatur,</span> <span class='ocrx_word' id='word_1_228' title='bbox 929 2950 961 3011; x_wconf 85' lang='lat'>&amp;</span> <span class='ocrx_word' id='word_1_229' title='bbox 992 2952 1058 3012; x_wconf 84' lang='lat' dir='ltr'>clun</span> <span class='ocrx_word' id='word_1_230' title='bbox 1086 2951 1135 3011; x_wconf 88' lang='lat' dir='ltr'>alii</span> 
     </span>
     <span class='ocr_line' id='line_1_33' title="bbox 252 3024 1136 3111; baseline 0.005 -22"><span class='ocrx_word' id='word_1_231' title='bbox 252 3028 343 3111; x_wconf 84' lang='lat' dir='ltr'>saepe,</span> <span class='ocrx_word' id='word_1_232' title='bbox 365 3031 445 3109; x_wconf 88' lang='lat' dir='ltr'>quod</span> <span class='ocrx_word' id='word_1_233' title='bbox 456 3024 524 3089; x_wconf 81' lang='lat' dir='ltr'>esset</span> <span class='ocrx_word' id='word_1_234' title='bbox 534 3028 718 3109; x_wconf 86' lang='lat' dir='ltr'>antepedes,</span> <span class='ocrx_word' id='word_1_235' title='bbox 734 3050 794 3089; x_wconf 92' lang='lat' dir='ltr'>non</span> <span class='ocrx_word' id='word_1_236' title='bbox 804 3029 957 3107; x_wconf 87' lang='lat' dir='ltr'>viderent,</span> <span class='ocrx_word' id='word_1_237' title='bbox 976 3031 1025 3091; x_wconf 88' lang='lat' dir='ltr'>ille</span> <span class='ocrx_word' id='word_1_238' title='bbox 1041 3030 1136 3093; x_wconf 85' lang='lat' dir='ltr'>infini-</span> 
     </span>
     <span class='ocr_line' id='line_1_34' title="bbox 252 3109 1136 3192; baseline 0.003 -20"><span class='ocrx_word' id='word_1_239' title='bbox 252 3127 342 3172; x_wconf 84' lang='lat' dir='ltr'>tatem</span> <span class='ocrx_word' id='word_1_240' title='bbox 359 3128 479 3170; x_wconf 87' lang='lat' dir='ltr'>omnem</span> <span class='ocrx_word' id='word_1_241' title='bbox 500 3109 754 3192; x_wconf 87' lang='lat' dir='ltr'>peregrinabatur,</span> <span class='ocrx_word' id='word_1_242' title='bbox 766 3130 798 3171; x_wconf 94' lang='lat' dir='ltr'>ut</span> <span class='ocrx_word' id='word_1_243' title='bbox 812 3112 890 3176; x_wconf 89' lang='lat' dir='ltr'>nulla</span> <span class='ocrx_word' id='word_1_244' title='bbox 908 3115 938 3174; x_wconf 88' lang='lat' dir='ltr'>in</span> <span class='ocrx_word' id='word_1_245' title='bbox 954 3117 1136 3175; x_wconf 78' lang='lat' dir='ltr'>extremitate</span> 
     </span>
    </p>
   </div>
   <div class='ocr_carea' id='block_1_3' title="bbox 252 3212 1136 3419">
    <p class='ocr_par' dir='ltr' id='par_1_3' title="bbox 252 3212 1136 3419">
     <span class='ocr_line' id='line_1_35' title="bbox 286 3212 1136 3285; baseline 0.012 -25"><span class='ocrx_word' id='word_1_246' title='bbox 286 3229 303 3265; x_wconf 87' lang='lat'><em>2</em></span> <span class='ocrx_word' id='word_1_247' title='bbox 319 3216 386 3269; x_wconf 80' lang='lat' dir='ltr'>Crim,</span> <span class='ocrx_word' id='word_1_248' title='bbox 402 3232 497 3280; x_wconf 78' lang='lat' dir='ltr'>quorum</span> <span class='ocrx_word' id='word_1_249' title='bbox 513 3231 565 3273; x_wconf 79' lang='lat' dir='ltr'>res,</span> <span class='ocrx_word' id='word_1_250' title='bbox 577 3215 626 3265; x_wconf 73' lang='lat' dir='ltr'>dte.</span> <span class='ocrx_word' id='word_1_251' title='bbox 641 3212 679 3264; x_wconf 83' lang='lat' dir='ltr'>Ne</span> <span class='ocrx_word' id='word_1_252' title='bbox 745 3230 761 3273; x_wconf 79' lang='grc'>4</span> <span class='ocrx_word' id='word_1_253' title='bbox 773 3213 857 3269; x_wconf 78' lang='lat' dir='ltr'>Unde.</span> <span class='ocrx_word' id='word_1_254' title='bbox 871 3214 925 3283; x_wconf 77' lang='lat' dir='ltr'>qud.</span> <span class='ocrx_word' id='word_1_255' title='bbox 942 3216 979 3269; x_wconf 86' lang='lat' dir='ltr'>De</span> <span class='ocrx_word' id='word_1_256' title='bbox 990 3217 1044 3285; x_wconf 81' lang='lat' dir='ltr'>quel</span> <span class='ocrx_word' id='word_1_257' title='bbox 1054 3220 1136 3284; x_wconf 79' lang='lat' dir='ltr'>point.</span> 
     </span>
     <span class='ocr_line' id='line_1_36' title="bbox 252 3276 951 3354; baseline 0.007 -24"><span class='ocrx_word' id='word_1_258' title='bbox 252 3293 342 3345; x_wconf 81' lang='lat' dir='ltr'>voyant</span> <span class='ocrx_word' id='word_1_259' title='bbox 354 3292 435 3354; x_wconf 80' lang='lat' dir='ltr'>goutte</span> <span class='ocrx_word' id='word_1_260' title='bbox 450 3293 480 3330; x_wconf 89' lang='lat' dir='ltr'>en</span> <span class='ocrx_word' id='word_1_261' title='bbox 497 3276 559 3328; x_wconf 88' lang='lat' dir='ltr'>leurs</span> <span class='ocrx_word' id='word_1_262' title='bbox 572 3276 678 3333; x_wconf 76' lang='lat' dir='ltr'>ahoites,</span> <span class='ocrx_word' id='word_1_263' title='bbox 713 3278 726 3329; x_wconf 77' lang='lat' dir='ltr'>l</span> <span class='ocrx_word' id='word_1_264' title='bbox 738 3279 797 3345; x_wconf 85' lang='lat' dir='ltr'>quel·</span> <span class='ocrx_word' id='word_1_265' title='bbox 803 3291 868 3331; x_wconf 90' lang='lat' dir='ltr'>autre</span> <span class='ocrx_word' id='word_1_266' title='bbox 876 3286 951 3345; x_wconf 78' lang='lat' dir='ltr'>uolut.</span> 
     </span>
     <span class='ocr_line' id='line_1_37' title="bbox 254 3342 1136 3419; baseline 0.007 -25"><span class='ocrx_word' id='word_1_267' title='bbox 254 3345 312 3419; x_wconf 73' lang='lat' dir='ltr'>ilsy</span> <span class='ocrx_word' id='word_1_268' title='bbox 328 3355 449 3411; x_wconf 83' lang='lat' dir='ltr'>pretorent</span> <span class='ocrx_word' id='word_1_269' title='bbox 460 3358 491 3395; x_wconf 93' lang='lat' dir='ltr'>un</span> <span class='ocrx_word' id='word_1_270' title='bbox 506 3342 604 3408; x_wconf 64' lang='lat' dir='ltr'>avenule</span> <span class='ocrx_word' id='word_1_271' title='bbox 620 3356 680 3409; x_wconf 86' lang='lat' dir='ltr'>pout</span> <span class='ocrx_word' id='word_1_272' title='bbox 748 3358 759 3394; x_wconf 90' lang='grc' dir='ltr'><em>ι</em></span> <span class='ocrx_word' id='word_1_273' title='bbox 778 3344 806 3393; x_wconf 83' lang='lat' dir='ltr'>Si</span> <span class='ocrx_word' id='word_1_274' title='bbox 818 3347 957 3412; x_wconf 59' lang='grc' dir='ltr'><em>ιιιιάιριιι,</em></span> <span class='ocrx_word' id='word_1_275' title='bbox 969 3344 1136 3416; x_wconf 69' lang='lat' dir='ltr'>&amp;eboriqu&#39;il</span> 
     </span>
    </p>
   </div>
   <div class='ocr_carea' id='block_1_4' title="bbox 253 3408 1136 3538">
    <p class='ocr_par' dir='ltr' id='par_1_4' title="bbox 253 3408 1136 3538">
     <span class='ocr_line' id='line_1_38' title="bbox 253 3408 1039 3476; baseline 0.004 -16"><span class='ocrx_word' id='word_1_276' title='bbox 253 3411 334 3476; x_wconf 72' lang='lat' dir='ltr'>gude.</span> <span class='ocrx_word' id='word_1_277' title='bbox 712 3408 765 3461; x_wconf 87' lang='lat' dir='ltr'>ade</span> <span class='ocrx_word' id='word_1_278' title='bbox 776 3410 832 3475; x_wconf 87' lang='lat' dir='ltr'>quoi</span> <span class='ocrx_word' id='word_1_279' title='bbox 848 3412 870 3463; x_wconf 91' lang='lat' dir='ltr'>se</span> <span class='ocrx_word' id='word_1_280' title='bbox 886 3411 942 3464; x_wconf 85' lang='lat' dir='ltr'>saite</span> <span class='ocrx_word' id='word_1_281' title='bbox 960 3411 1039 3465; x_wconf 83' lang='lat' dir='ltr'>servit.</span> 
     </span>
     <span class='ocr_line' id='line_1_39' title="bbox 290 3469 1136 3538; baseline 0.007 -14"><span class='ocrx_word' id='word_1_282' title='bbox 290 3488 303 3538; x_wconf 84' lang='lat'><em>3</em></span> <span class='ocrx_word' id='word_1_283' title='bbox 324 3473 478 3533; x_wconf 81' lang='lat' dir='ltr'>Geometrr&#39;ae,</span> <span class='ocrx_word' id='word_1_284' title='bbox 499 3471 550 3523; x_wconf 74' lang='lat' dir='ltr'>dte.</span> <span class='ocrx_word' id='word_1_285' title='bbox 568 3469 586 3522; x_wconf 95' lang='lat' dir='ltr'>ll</span> <span class='ocrx_word' id='word_1_286' title='bbox 604 3473 680 3524; x_wconf 82' lang='lat' dir='ltr'>eonti-</span> <span class='ocrx_word' id='word_1_287' title='bbox 746 3490 761 3523; x_wconf 89' lang='lat'>2</span> <span class='ocrx_word' id='word_1_288' title='bbox 781 3474 838 3524; x_wconf 82' lang='lat' dir='ltr'>Sine</span> <span class='ocrx_word' id='word_1_289' title='bbox 862 3481 957 3529; x_wconf 80' lang='lat' dir='ltr'>notione</span> <span class='ocrx_word' id='word_1_290' title='bbox 974 3494 1058 3531; x_wconf 75' lang='lat' dir='ltr'>rerum.</span> <span class='ocrx_word' id='word_1_291' title='bbox 1079 3476 1136 3530; x_wconf 76' lang='lat' dir='ltr'>Saus</span> 
     </span>
    </p>
   </div>
   <div class='ocr_carea' id='block_1_5' title="bbox 252 3534 896 3607">
    <p class='ocr_par' dir='ltr' id='par_1_5' title="bbox 252 3534 896 3607">
     <span class='ocr_line' id='line_1_40' title="bbox 252 3534 896 3607; baseline 0.006 -16"><span class='ocrx_word' id='word_1_292' title='bbox 252 3541 319 3592; x_wconf 88' lang='lat' dir='ltr'>uttoit</span> <span class='ocrx_word' id='word_1_293' title='bbox 329 3540 343 3591; x_wconf 69' lang='lat' dir='ltr'>a</span> <span class='ocrx_word' id='word_1_294' title='bbox 352 3540 470 3607; x_wconf 78' lang='lat' dir='ltr'>enseignet</span> <span class='ocrx_word' id='word_1_295' title='bbox 479 3537 501 3589; x_wconf 79' lang='lat' dir='ltr'>la</span> <span class='ocrx_word' id='word_1_296' title='bbox 510 3534 648 3606; x_wconf 73' lang='lat' dir='ltr'>geomstric.</span> <span class='ocrx_word' id='word_1_297' title='bbox 713 3537 780 3592; x_wconf 76' lang='lat' dir='ltr'>idest</span> <span class='ocrx_word' id='word_1_298' title='bbox 793 3539 878 3597; x_wconf 77' lang='lat' dir='ltr'>vitiet.</span> <span class='ocrx_word' id='word_1_299' title='bbox 891 3589 896 3595; x_wconf 87' lang='lat'><strong><em>.</em></strong></span> 
     </span>
    </p>
   </div>
   <div class='ocr_carea' id='block_1_6' title="bbox 1058 3701 1173 3804">
    <p class='ocr_par' dir='ltr' id='par_1_6' title="bbox 1058 3701 1173 3804">
     <span class='ocr_line' id='line_1_41' title="bbox 1058 3701 1173 3804; baseline 0 -19"><span class='ocrx_word' id='word_1_300' title='bbox 1058 3785 1067 3804; x_wconf 23' lang='lat' dir='ltr'>x</span> <span class='ocrx_word' id='word_1_301' title='bbox 1099 3701 1173 3785; x_wconf 73' lang='grc' dir='ltr'>Ι</span> 
     </span>
    </p>
   </div>
   <div class='ocr_carea' id='block_1_7' title="bbox 0 0 1441 4267">
    <p class='ocr_par' dir='ltr' id='par_1_7' title="bbox 0 0 1441 4267">
     <span class='ocr_line' id='line_1_42' title="bbox 0 0 1441 4267; baseline 0 0"><span class='ocrx_word' id='word_1_302' title='bbox 0 0 1441 4267; x_wconf 95' lang='lat' dir='ltr'> </span> 
     </span>
    </p>
   </div>
  </div>
 </body>
</html>
