2817 4267
263 396 341 480 66Ι
491 400 563 468 Du
602 402 904 478 0rr.tcsrs;

268 525 365 569 autem
377 507 515 589 quamdiu
525 507 685 590 respublica
697 527 750 589 per
762 527 816 569 eos
825 505 1000 589 gerebatur,
1008 503 1117 588 quibus
1127 503 1155 572 sd

266 587 328 670 ipsa
342 588 549 665 commiserat,
571 609 675 650 ornnes
685 608 856 650 meascuras
866 590 1155 670 cogitationesqueiu

268 688 334 729 eam
351 668 563 746 conferebam,
582 691 671 751 quum
683 689 782 730 autem
797 687 814 750 3
827 670 977 730 dominatu
992 673 1080 730 unius
1090 677 1155 731 oua·

265 752 315 809 nia
325 768 514 824 tenerentur,
528 772 626 834 neque
633 750 702 812 esset
711 750 831 832 usquam
841 751 984 821 consilio,
996 768 1049 811 aut
1060 750 1155 814 anuo·

264 832 342 891 ritari
362 833 466 907 locus3
484 834 579 896 socias
597 833 725 914 denique
737 833 855 894 ruenda
870 823 1061 911 reipublicae,
1078 831 1155 894 sum-

263 931 333 971 mos
351 913 463 988 viros,
493 912 649 974 amisissem
670 934 681 987 ;
707 934 763 974 uec
780 917 830 973 me
854 913 1012 994 angoribus
1031 913 1154 987 dedidi,

263 992 369 1073 quibus
379 992 465 1054 essem
478 993 627 1056 confeflus
638 1040 648 1068 ,
660 996 716 1054 uisi
727 997 762 1055 iis
772 992 955 1069 restitissem,
975 1014 1033 1054 uec
1043 991 1154 1056 rursum

261 1073 387 1155 indignis
399 1075 518 1136 bomine
528 1075 617 1137 dodo
628 1076 839 1156 voluptatibus.
1053 1109 1056 1114 ·

261 1175 342 1297 nul·
361 1155 783 1312 ‘¹:22‘,⁰l“²l¹0„l:l”ll‘:
797 1152 1150 1297 lassamus&

355 1282 366 1311 9

263 1336 389 1389 rerum,
414 1321 502 1401 quim
521 1319 747 1379 evertendarum
766 1318 891 1397 cupidos
909 1316 1071 1378 incidisset!
1085 1318 1149 1398 pri·

264 1400 346 1460 mirus
368 1404 465 1473 enim,
483 1419 514 1461 ut
532 1399 623 1460 stante
642 1400 792 1480 republicis
808 1398 906 1484 sarcre
918 1397 1100 1467 solebamus,
1115 1398 1147 1458 iu

263 1481 381 1559 agendo
392 1483 477 1559 plus,
496 1483 583 1563 quim
602 1484 631 1540 iu
647 1481 823 1552 scribendo,
838 1499 938 1561 operar
956 1497 1146 1560 poneremus:

263 1560 372 1621 deinde
393 1564 463 1640 ipsis
478 1561 588 1642 scriptis
608 1584 668 1622 non
685 1583 744 1634 ea,
764 1582 830 1643 quae
851 1581 950 1633 nunc,
968 1559 1020 1620 sed
1033 1583 1049 1639 ς
1060 1558 1147 1620 adio·

262 1660 316 1699 ues
347 1641 456 1702 nostras
476 1645 679 1704 mandaremus
701 1687 710 1712 ,
738 1661 771 1703 ut
792 1641 869 1722 sepe
889 1641 1024 1702 fecimus.
1044 1639 1146 1721 Quum

261 1739 359 1782 autem
371 1722 531 1804 respublica
544 1769 553 1797 ‚
574 1728 602 1783 in
615 1747 672 1806 qua
687 1726 784 1784 omnis
799 1742 865 1784 mea
878 1743 970 1796 cura,
986 1724 1149 1803 cogitatio,

262 1821 354 1883 opera
365 1807 434 1884 poni
449 1804 579 1876 solebat,
592 1807 669 1866 nulla
681 1801 752 1867 esset
767 1807 901 1873 omniuo,
915 1803 972 1864 illae
982 1799 1149 1865 scilicet'lir'·

260 1901 333 1946 rerae
349 1888 570 1958 conticuerunt,
583 1886 733 1958 forenses,
752 1888 785 1948 δι
797 1885 957 1946 senatoriae.

304 1989 333 2040 4.
355 1966 435 2027 Nihil
460 1989 547 2051 agere
572 1989 670 2029 aurem
699 1987 789 2049 quum
814 1969 926 2027 animus
949 1984 1011 2026 non
1031 1963 1148 2046 posset,

260 2047 291 2109 in
309 2047 352 2106 bis
372 2047 471 2109 studiis
491 2050 527 2110 ab
537 2051 621 2110 initio
639 2048 777 2123 versatus,
788 2049 900 2119 aetatis3
920 2045 1083 2108 existimavi
1094 2048 1149 2107 ho·

260 2127 424 2190 nestissimd
440 2129 588 2192 moleslias
606 2128 687 2210 polle
706 2129 835 2210 deponi,
855 2129 880 2188 si
898 2147 948 2188 me
962 2128 1000 2188 ad
1019 2126 1149 2209 philoso-

260 2209 360 2293 phiam
379 2210 554 2272 retulillem:
573 2214 620 2270 cui
636 2232 728 2292 quum
745 2210 869 2270 multum
885 2207 1076 2284 adolescens,
1091 2207 1153 2272 dil«.

260 2291 348 2353 cendi
368 2291 476 2364 causi,
495 2293 638 2371 temporis
658 2287 818 2354 tribuissem
829 2312 841 2364 3
858 2289 961 2373 possea
983 2289 1149 2372 qulmbo·

259 2370 380 2433 notibus
396 2369 535 2435 inservire
553 2373 647 2454 coepi,
667 2359 887 2453 mequdtotum
899 2371 1068 2451 reipublice
1086 2365 1149 2434 t'rass

258 2453 342 2521 didi,
359 2469 471 2515 tantum
487 2471 549 2515 erat
561 2452 827 2535 philosophiae-loci
848 2498 859 2527 ,
879 2470 1020 2535 quantum
1045 2451 1148 2535 super·

258 2531 354 2596 suerat
370 2537 532 2597 amicorum
558 2536 590 2598 &
607 2537 775 2615 reipublicae
796 2533 816 2595 6
831 2532 1023 2614 temporibus.
1038 2534 1076 2596 ld
1096 2555 1146 2594 au·

259 2633 323 2678 rem
341 2635 430 2679 omne
445 2616 666 2680 consumebatur
682 2619 713 2677 in
731 2616 858 2699 legendo
867 2637 879 2691 3
895 2614 1039 2677 scribendi
1053 2617 1146 2678 otium

259 2718 321 2759 non
339 2716 413 2759 erat.

311 2776 348 2839 ll.
375 2778 511 2839 Maximis
530 2779 614 2862 igitur
637 2779 666 2850 in
695 2778 778 2839 malis
795 2778 855 2840 boc
871 2795 970 2840 tamen
986 2776 1061 2840 boni
1079 2776 1148 2842 asse.-

260 2862 321 2923 euti
339 2862 492 2934 videmur,
513 2878 544 2919 ut
559 2881 594 2920 ea
603 2860 704 2923 litteris
718 2860 921 2922 mandaremus
931 2906 956 2935 ‚.
979 2880 1024 2920 uae
1035 2880 1092 2920 nec
1105 2860 1148 2920 sa·

258 2945 295 3022 tis
312 2960 393 3001 erant
413 2957 481 3001 nota
496 2939 621 3012 nostris,
638 2943 669 3005 δι
683 2961 765 3004 eraut
780 2964 816 3003 co
837 2942 948 3002 uitione
958 2881 1149 3036 dignissima.

259 3020 346 3102 Quid
362 3020 404 3083 est
419 3023 517 3093 euim,
538 3044 591 3105 per
605 3025 696 3089 deosl
718 2962 874 3107 optabilius
890 3021 1055 3105 sapientrdl
1074 3023 1148 3116 quid

294 3183 308 3238 3
321 3167 571 3225 Dominarouuius.l.
581 3170 685 3226 casuris.
718 3171 806 3226 senatu.

294 3255 311 3296 4
330 3235 359 3285 In
379 3236 493 3290 dominer.
511 3238 638 3292 Antonium
658 3238 684 3291 dt
750 3237 1089 3305 bTemporibur.Temp0rum
1100 3241 1147 3294 cir-

259 3300 417 3355 Dolabellaur.
717 3303 874 3361 cumllautiis,
896 3297 1010 3372 inquibus
1028 3309 1098 3360 ausiti
1118 3308 1145 3361 dt

295 3367 429 3432 5Ac‘liones
444 3365 543 3429 rostras.
559 3365 685 3419 Orationes
716 3368 844 3434 respublica
871 3384 969 3444 operam
990 3386 1070 3427 mean
1092 3375 1148 3427 cri·

258 3434 349 3483 habitas
365 3432 416 3485 sire
434 3432 456 3483 is
473 3431 528 3483 loru
546 3433 607 3499 apud
623 3432 684 3495 iudi·
716 3435 812 3501 gebaur,

262 3509 304 3552 tes
325 3508 364 3551 aut
379 3499 407 3551 ad
428 3496 562 3565 populun,
587 3500 638 3553 sive
661 3500 684 3552 iu
