2817 4267
434 355 620 420 ertn
661 373 975 430 nacurrons.
1102 359 1146 443 67

203 480 210 520 e
243 521 245 528 ,
272 459 434 546 passanrius
460 462 567 543 iquid
591 463 703 523 homini
718 463 848 526 melius?
872 465 942 545 quid
965 465 1086 527 homine
1105 467 1149 528 di·

203 561 213 598 r
270 547 332 626 piru
354 544 367 604 ἓ
387 543 483 604 Hanc
502 546 591 625 igitur
610 547 661 625 qui
680 563 820 626 expetunt
840 590 849 614 ‚
872 545 1036 628 philosophi
1053 549 1152 608 nomi·

203 650 212 666 ·
268 642 372 698 rantur}
396 645 457 685 nec
469 627 632 706 quidquam
650 627 731 686 aliud
745 624 787 686 est
799 626 1003 708 philosophia,
1022 629 1046 687 si
1062 632 1152 690 inter·

203 733 220 839 ;
266 708 483 866 rusiae:
498 698 1152 872 iiiimxiiii?-tisrini

204 867 223 933 2,
266 889 340 930 rerum
362 871 544 932 divinarum
560 872 592 933 δι
610 871 818 942 humanarum,
835 868 1066 952 causarumque,
1088 877 1151 953 qui·

203 965 224 1002 t
263 950 356 1011 burin
380 971 436 1011 res
461 953 669 1022 continentur,
688 949 829 1024 scientia3
849 948 931 1030 cujus
952 949 1077 1012 studium
1094 952 1147 1034 qui

262 1033 393 1114 vituperat
407 1076 421 1103 ,
440 1032 524 1093 haud
536 1031 601 1093 sanc
614 1031 766 1114 intelligo,
784 1032 922 1114 quidnam
932 1035 984 1105 rit,
993 1034 1072 1116 quod
1083 1037 1150 1102 iau·¹

203 1117 212 1159 Ι
260 1113 376 1174 dandum
397 1131 501 1195 putet.

203 1201 214 1239 ¹
292 1196 317 1258 6.
336 1193 418 1256 Nam
434 1197 505 1255 sive
517 1192 676 1254 obledatio
693 1196 828 1275 quaeritur
848 1195 953 1264 animi,
976 1194 1149 1278 requiesque

203 1291 211 1307 ·
259 1295 411 1350 curarum
437 1296 451 1336 a
477 1295 544 1370 quae
563 1274 688 1336 conserri
707 1269 773 1336 cium
792 1295 894 1336 eorum
911 1275 1009 1336 studiis
1031 1277 1145 1357 potest,

224 1515 228 1522 ,
257 1355 1151 1518 sitis}‘'13:22223'issh'33s5ii‘riissrss'jtis‘thri‘hi

256 1520 425 1601 virtutisque
447 1518 590 1594 ducitur;
607 1537 656 1580 aut
675 1519 736 1578 haec
754 1541 799 1579 ars
815 1520 879 1592 est,
903 1521 1040 1580 autnulla
1052 1521 1150 1581 omni·

257 1617 320 1674 no,
341 1619 512 1681 per-quam
530 1619 577 1660 err
596 1600 792 1742 assequamur:
812 1602 920 1663 nullam
937 1602 1034 1664 dicere
1053 1605 1149 1663 maxi·

256 1699 364 1743 marum
388 1701 491 1741 rerum
520 1697 611 1741 artem
639 1702 654 1742 e
678 1702 727 1750 e,
758 1704 847 1765 quum
877 1686 1060 1744 minimarum
1082 1687 1147 1747 sine

255 1779 310 1823 arte
328 1762 415 1823 nulla
433 1763 471 1822 sit
490 1804 501 1833 ,
527 1762 678 1823 hominum
703 1757 746 1823 esi
760 1785 874 1844 ,parum
901 1766 1084 1826 considerati
1102 1768 1148 1826 lo·

257 1848 430 1925 quendum,
453 1859 540 1925 atque
561 1846 591 1904 in
608 1845 742 1904 maximis
759 1846 844 1905 rebus
861 1847 1034 1906 errantium:
1057 1848 1082 1905 si
1098 1867 1148 1907 au·

255 1941 312 1985 tem
336 1921 382 1987 esi
401 1924 501 2006 aliqua
520 1924 669 2008 disciplina
689 1928 804 1998 yirtutis
823 1967 833 1999 ,
857 1927 907 1986 uhi
927 1946 959 1986 ea
978 1945 1147 2066 quaretur,

258 2026 344 2088 quum
368 2005 407 2066 ab
429 2006 487 2067 hoc
506 2005 635 2069 discendi
652 2026 760 2090 genere
782 2004 964 2067 discesseris?
1007 2007 1043 2066 ed
1064 2007 1148 2081 haec,

258 2107 342 2168 quum
359 2087 399 2149 ad
411 2087 624 2170 philosophiam
642 2090 851 2160 cohortamur,
873 2088 1034 2148 accurarihr
1052 2087 1099 2148 dis
1116 2108 1147 2149 u·

259 2171 309 2230 tari
326 2168 448 2253 solentj
469 2171 550 2252 quod
572 2191 587 2254 3
608 2170 665 2233 alio
685 2169 815 2252 quodam
831 2169 908 2256 libro
925 2167 1058 2237 fecimus.
1091 2189 1148 2242 ¹oe
1164 2183 1191 2230 Ι

261 2267 354 2312 aurem
371 2268 509 2331 tempore
529 2253 641 2312 ranthrn
663 2253 749 2314 nohis
772 2250 979 2312 declarandum
996 2251 1071 2328 snit,
1093 2273 1146 2314 cur
1197 2283 1200 2288 ·

251 2330 530 2473 '⁰.¹¹'²¹i.¹‘³1’¹¹b¹.³fs²
543 2334 728 2408 muneribus,
739 2332 777 2394 ad
787 2333 844 2395 hoc
855 2355 910 2397 nor
921 2332 1044 2398 studium
1055 2323 1147 2419 poris·

264 2415 641 2591 isuphmocgqtquupupgam
662 2493 768 2570 nobis,
790 2496 822 2557 ὃ(
837 2496 955 2577 quidem
973 2517 991 2556 a
1007 2495 1097 2592 duciis
1112 2498 1147 2560 dd

264 2575 1148 2721 {2¹:3¹¹ssniissbtsszsiiii‘iiiiii‘isit

330 2705 338 2729 2
428 2701 438 2731 2
1013 2702 1024 2730 ⁵

262 2679 418 2802 &aliisqde
437 2675 522 2800 reqbur
542 2680 676 2801 diiereic
687 2677 853 2809 fuscariis,
870 2740 902 2799 dr
921 2738 978 2798 hoc
991 2737 1052 2821 ipso
1066 2757 1146 2802 tem·

260 2835 327 2901 pore
343 2838 493 2904 praecepta
512 2818 601 2881 officii
615 2821 830 2903 persequamur.
844 2818 964 2901 Quibus
980 2823 1088 2883 vellem
1103 2820 1145 2881 sa·

260 2904 290 2962 tia
301 2904 419 2985 cognita
432 2900 500 2966 effer
510 2901 605 2963 nostra
618 2902 775 2967 sementia:
791 2924 811 2978 4
826 2904 976 2963 nonenim
993 2901 1091 2975 sumus
1102 2904 1145 2978 ii,

263 3001 380 3063 quorum
397 3001 519 3064 vagetur
533 2986 645 3048 animus
658 3003 778 3053 errore,
801 3004 856 3046 nec
868 2984 972 3047 haheat
986 3006 1142 3069 umquam,

208 3067 214 3162 i
263 3068 324 3146 quid
333 3066 471 3149 sequatur
486 3085 494 3125 ι
508 3085 572 3148 quae
583 3068 661 3127 enim
672 3063 742 3129 esset
753 3063 804 3127 isia
819 3085 919 3142 mens,
936 3068 985 3130 vei
1004 3088 1068 3150 quae
1082 3072 1143 3130 vita

207 3187 212 3318 ι
290 3223 310 3259 1·
322 3210 381 3283 Qua
392 3210 508 3276 consemi.
519 3210 581 3326 quae
591 3208 678 3263 obiec-
711 3208 855 3262 Horunrr‘ur
873 3210 1040 3264 inscribebatur
1052 3246 1060 3272 ,
1073 3209 1141 3274 cuius

263 3275 396 3337 mononis
408 3273 527 3330 conserti,
562 3290 586 3326 c.
716 3291 790 3344 pauca
811 3275 926 3342 supersunt
945 3277 1080 3339 fragmenta.

290 3341 374 3397 adire
392 3344 467 3390 racio.
486 3341 502 3391 i.
518 3355 541 3392 e.
559 3340 634 3408 aliqua
647 3340 685 3393 via
750 3340 831 3402 4Nos
841 3342 923 3407 firmus
939 3346 967 3393 r'r'.
978 3339 1068 3405 Nempe
1079 3335 1141 3416 Pyr-

264 3404 537 3472 asequendaronssantia
551 3406 620 3458 .&c.
718 3407 792 3462 rorici
813 3445 819 3464 .
847 3408 931 3471 quibus
954 3404 1033 3459 onmia
1058 3417 1142 3473 paritet

204 3505 209 3572 p
288 3482 300 3536 3
324 3473 383 3525 auo
410 3471 513 3539 quodam
535 3467 607 3527 libro.
634 3470 688 3541 Qui
718 3470 939 3529 unianimem.

204 3579 205 3596 t

203 3601 206 3634 s
