2817 4267
534 416 711 479 Lruurt
752 415 775 479 1.
1038 422 1097 506 ιε,

207 522 303 584 tilenls
322 522 420 584 sermo
439 520 582 604 habetur)
602 524 632 581 in
653 523 756 604 quibus
777 511 968 588 vultefficere
984 520 1098 592 animos

212 605 262 667 tlle
283 604 436 666 mortales.
463 602 556 665 Stoici
582 623 680 664 autem
700 603 813 665 usuram
834 607 922 666 uobis
941 607 1099 690 largiuntur

202 702 347 767 tanquam
375 687 540 746 cornicibus
565 705 572 745 ε
600 688 650 746 diu
683 686 831 748 mansuros
856 690 935 750 aiunt
966 692 1098 767 auimos;

214 763 266 827 lem
292 789 324 827 er
345 785 461 849 negant.

195 879 198 900 .
279 848 381 908 XXll.
407 848 487 908 Num
514 848 559 906 vis
586 849 673 930 igitur
693 848 813 921 audire,
836 871 905 922 cur,
924 853 1036 915 etiamsi
1057 855 1098 918 ita

197 931 261 1003 ¹tit,
286 951 368 990 mors
391 946 489 990 tamen
513 933 629 994 nonsit
651 932 679 988 in
698 930 804 991 malis?
835 936 874 991 A.
895 933 937 993 Ut
961 936 1098 999 videturt
1168 1003 1177 1014 ,

212 1009 257 1072 led
271 1032 321 1071 me
337 1031 427 1071 nemo
445 1012 482 1070 de
500 1011 718 1070 immortalitate
735 1011 872 1092 depellet.
894 1017 940 1075 M.
954 1015 1056 1078 Laudo
1067 1016 1098 1079 id

211 1093 355 1175 quidem;
381 1095 435 1152 ersi
457 1093 527 1150 nihil
548 1096 633 1153 nimis
653 1110 773 1172 oportet
794 1092 968 1156 confidere:
992 1119 1098 1160 move·

208 1192 274 1234 mur
305 1176 386 1234 enim
418 1172 637 1259 saepe1aliquo
663 1175 745 1233 acutd
769 1178 929 1237 conclulo:
952 1177 1098 1252 labamus,

208 1254 412 1336 mutamusque
431 1255 622 1326 sementiam,
643 1256 810 1322 clarioribus
831 1258 919 1315 etiam
941 1259 971 1316 in
990 1261 1102 1322 rebus:

206 1335 238 1396 iu
255 1338 300 1396 his
323 1336 365 1396 est
386 1339 463 1396 enim
480 1338 581 1417 aliqua
597 1337 766 1395 obscuritas.
786 1335 820 1394 ld
843 1340 929 1416 igitur
944 1341 967 1397 si
980 1342 1098 1401 accide-

204 1419 259 1490 rit,
279 1419 371 1479 simus
386 1421 498 1477 armari.
513 1423 553 1479 A.
574 1416 649 1477 Sane
662 1419 800 1497 quidem:
821 1415 890 1490 sed,
910 1440 948 1479 ne
963 1422 1098 1496 accidat,

206 1499 386 1580 providebo.
405 1505 450 1559 M.
462 1498 542 1557 Num
558 1500 626 1577 quid
638 1502 723 1579 igitur
734 1498 773 1558 est
786 1497 892 1572 causae,
906 1503 976 1583 quin
987 1505 1097 1578 amicos

205 1579 324 1642 nostros
341 1578 458 1640 Stoicos
479 1581 677 1640 dimittamus?
695 1601 746 1640 eos
759 1582 845 1649 dico,
862 1585 911 1663 qui
934 1585 1012 1646 aiunt
1035 1587 1098 1645 arti-
1192 1596 1197 1610 '

208 1676 276 1724 tuos¹
301 1682 437 1736 manere,
469 1664 535 1720 clrm
554 1662 570 1719 ὲ
589 1682 713 1741 corpore
736 1659 926 1737 excell'eiim,
951 1665 1001 1727 sed
1034 1689 1096 1730 nott

206 1743 335 1825 semper.
355 1741 428 1803 Istos
447 1746 536 1822 uero,
554 1746 622 1821 qui,
643 1745 724 1822 quod
736 1762 798 1802 rota
811 1747 840 1803 in
854 1745 906 1805 hac
917 1747 998 1807 caula
1024 1748 1099 1810 diffi-

207 1826 350 1885 cillimum
364 1823 429 1893 est,
443 1823 612 1905 suscipiant,
632 1822 711 1903 polle
736 1827 863 1882 animum
887 1848 1005 1889 manere
1026 1852 1097 1889 cor·

207 1927 283 1987 pore
307 1925 479 1965 vacantem:
494 1907 564 1964 illud
582 1923 698 1975 autem,
721 1906 801 1983 quod
822 1926 882 1965 non
899 1910 992 1967 modo
1012 1908 1098 1973 facile

207 1988 246 2047 ad
260 1987 441 2047 credendum
454 1985 513 2057 est,
526 1986 575 2045 sed
595 2007 632 2045 eo
645 1986 779 2046 concello
793 1989 872 2066 quod
893 1990 1014 2061 volunt,
1026 2012 1097 2051 cort·

207 2068 349 2149 sequens,
369 2068 399 2126 id
419 2068 497 2126 certe
520 2089 579 2126 non
600 2069 683 2136 dant,
711 2084 759 2139 ut,
779 2069 845 2125 cum
866 2069 915 2128 diu
935 2071 1121 2156 permanse·''

207 2153 265 2222 rit,
290 2169 329 2209 ne
349 2151 486 2210 intereat..
499 2156 538 2210 A.
550 2148 630 2207 Bene
645 2147 854 2227 reprehendis,
870 2151 903 2210 dt
922 2150 951 2211 le
964 2150 1018 2211 isto
1030 2175 1096 2214 mo.

208 2233 249 2292 do
266 2253 314 2291 res
333 2232 430 2291 habet.
456 2233 501 2290 M.
521 2229 683 2289 Credamus
703 2231 789 2310 igitur
803 2229 946 2302 Panaetio,
969 2232 1095 2297 251212·

208 2331 279 2373 tone
293 2312 345 2372 suo
359 2311 553 2373 dillenrienti?
575 2333 662 2391 quem
682 2315 760 2369 enim
774 2313 910 2371 omnibus
926 2314 998 2375 locis
1016 2319 1096 2378 divi-

209 2418 292 2468 num,
315 2415 401 2473 quem
416 2392 653 2472 supientiffimum,
675 2414 763 2471 quem
773 2393 982 2472 sanlliffimum‚
1004 2420 1094 2480 quent

208 2480 356 2553 Homerum
377 2474 595 2555 philosophorum
622 2474 767 2552 appellat,
797 2473 880 2553 hujus
909 2479 982 2538 hanc
1005 2501 1093 2539 unam

207 2557 375 2619 sententiam
403 2558 439 2615 de
462 2554 677 2615 immortalitate
703 2557 867 2613 animorum
892 2577 951 2614 nort
979 2559 1097 2636 probat.

208 2635 286 2701 Vult
302 2640 400 2712 enim,
424 2638 504 2718 quod
521 2657 610 2696 nemo
628 2655 735 2716 negat,
758 2637 898 2716 quidquid
916 2654 1014 2698 narum
1035 2642 1094 2714 sit,

206 2721 346 2792 interire;
375 2718 450 2779 nasci
469 2737 565 2778 aurem
589 2720 722 2788 animos,
736 2716 824 2797 ‚quod
842 2717 968 2776 declarat
988 2740 1094 2782 eorum

207 2802 390 2870 similitudo,
413 2803 462 2882 qui
480 2816 684 2881 procreantur3
703 2819 767 2877 quae
790 2800 876 2857 etiam
898 2800 926 2855 in
948 2801 1097 2881 ingeniis,
1121 2819 1124 2826 ’

208 2905 268 2947 non
291 2883 385 2944 solum
409 2884 438 2940 in
465 2883 637 2962 corporibus
663 2897 807 2961 appareat.
832 2879 964 2939 Alteram
995 2901 1095 2944 autem

207 2965 289 3030 affert
308 2968 476 3025 rationem:
505 2963 575 3021 nihil
608 2960 683 3035 elle,
704 2962 784 3041 quod
813 2961 938 3035 doleat,
973 2965 1041 3044 quin
1061 2963 1094 3029 id

206 3069 316 3130 agrum
337 3044 395 3106 elle
416 3064 534 3125 quoque
554 3046 667 3124 possit3
693 3043 772 3123 quod
795 3061 890 3103 autem
911 3044 939 3102 ia
955 3045 1094 3109 mor-bum

205 3131 309 3199 cadat,
330 3125 362 3187 id
382 3130 469 3185 etiam
497 3126 679 3185 interiturum
697 3144 706 3186 t
729 3124 828 3187 dolere
849 3144 944 3187 autem
956 3128 1069 3198 animos
1080 3170 1094 3202 ,

203 3230 280 3293 ergo
298 3210 387 3271 etiam
409 3208 538 3268 interire.

205 3353 261 3405 urbs
285 3350 363 3402 insule
381 3350 468 3411 tetur,
496 3350 557 3403 unde
576 3349 635 3402 Ler-
699 3366 715 3400 2
742 3352 765 3399 A
788 3351 890 3404 Platore
903 3353 958 3421 fita.
981 3353 1094 3410 Panaetius
1162 3378 1170 3384 ·

205 3416 269 3471 birci
286 3417 394 3482 appellati
417 3417 465 3466 sunt
478 3416 493 3465 ῐὶ
510 3416 568 3465 libri.
665 3414 721 3467 licet
740 3416 842 3474 stoicus,
865 3419 990 3534 platonica
1003 3421 1095 3475 dour!-

240 3498 252 3534 1
268 3482 356 3548 Aliquo
377 3480 443 3531 acuti
458 3480 575 3551 concluso.
590 3479 635 3539 l'at
666 3494 701 3537 11ae
721 3495 771 3536 etat
791 3483 965 3539 uuuiorrumur.

207 3557 237 3602 tn
252 3557 373 3615 argument
388 3545 464 3601 subtil.

792 3598 796 3606 ¹
878 3613 910 3677 N
