2817 4267
312 403 374 481 304
553 392 956 461 Tuscornunnunr

309 504 387 567 mori
400 522 407 562 ε
421 522 481 567 non
495 504 572 564 eninr
588 504 802 578 tanr'curnulus
817 503 965 563 honorum
985 497 1131 579 jucundus
1143 499 1195 563 esse

309 582 428 666 potest,
445 584 533 663 quim
548 583 670 646 molesta
683 582 820 644 decessross
835 584 919 658 Hanc
929 583 1104 643 sententiam
1120 582 1194 666 figni·

311 664 399 727 ficare
418 667 536 726 videtur
558 664 682 725 Laconis
700 666 749 725 illa
771 686 851 737 vor,
876 665 945 745 qui,
968 665 1038 723 clim
1063 664 1192 725 Rhodius

309 746 455 830 Diagoras
475 768 489 827 3
511 746 740 827 Olympionices
755 745 881 818 nobilis,
898 764 957 805 uno
970 745 1018 805 die
1038 745 1116 806 duos
1135 745 1191 807 suos

309 825 387 887 silios
399 827 522 887 nidores
535 825 688 908 Olympiae
701 826 831 898 vidisset,
851 823 964 887 accessit
978 826 1015 885 ad
1027 825 1146 898 senem,
1164 830 1190 888 dt

308 908 486 990 gratulatus,
501 906 621 979 Morere,
634 910 780 990 Diagora,
802 910 910 989 inquit,
935 928 989 967 non
1007 910 1080 967 enim
1098 912 1128 968 in
1146 931 1191 969 εα-

309 990 367 1049 lum
386 992 539 1069 ascensurus
558 1013 596 1050 es.
621 989 828 1071 Magna-hec,
855 990 1032 1049 &nimium
1062 988 1191 1062 forcalle,

282 1133 285 1141 ,
310 1068 409 1131 Graeoi
419 1088 520 1150 putant
528 1090 538 1143 3
551 1072 599 1132 vel
612 1072 780 1152 rumpotilrs
792 1070 932 1150 putabant
944 1092 951 1131 :
962 1067 1059 1150 isque,
1079 1073 1128 1150 qui
1139 1070 1190 1131 hoc

309 1150 448 1232 Diagorae
465 1154 555 1221 dixit,
574 1171 766 1233 permagnum
776 1150 939 1211 existimans
957 1169 1016 1210 tres
1030 1148 1191 1233 Olympio·

308 1234 387 1293 nicas
408 1254 464 1294 una
488 1233 615 1293 edorno
634 1233 776 1312 prodire,
798 1231 925 1291 cundati
944 1232 1025 1291 illurn
1046 1232 1151 1293 diutius
1164 1235 1190 1294 in

307 1315 391 1387 vita,
408 1314 531 1374 fortunre
546 1312 691 1394 objeilum
700 1358 710 1385 ,
727 1313 826 1373 inutile
843 1313 961 1391 putabat
975 1315 1039 1392 ipsi.
1061 1312 1125 1394 Ego
1141 1335 1191 1374 au·

276 1435 279 1443 ·
309 1410 388 1468 tem,
401 1397 453 1455 tibi
471 1396 590 1475 quidem
602 1395 712 1476 quod,
727 1394 792 1454 saris
810 1392 894 1464 esset,
913 1398 1012 1474 paucis
1031 1397 1148 1468 verbis,
1165 1411 1191 1455 ut

310 1478 382 1537 mihi
402 1478 543 1548 videbar,
565 1475 787 1557 responderam:
807 1474 986 1536 concesseras
1008 1476 1089 1538 enim
1114 1477 1189 1537 nullo
1231 1527 1234 1552 ,

307 1558 339 1617 in
354 1559 432 1618 malo
446 1574 579 1624 mortuos
599 1556 663 1618 esse.
684 1555 743 1617 Sed
763 1557 803 1616 ob
825 1577 890 1617 eam
904 1556 1016 1617 causam
1037 1558 1189 1627 contendi,

308 1655 341 1699 ut
364 1640 444 1718 plura
466 1640 610 1708 dicerem;
630 1638 709 1717 quod
722 1640 751 1696 in
766 1636 909 1698 desiderio
931 1639 963 1699 dt
981 1636 1058 1697 lullu
1072 1640 1133 1698 ltaec
1153 1638 1189 1699 est

307 1719 468 1780 consolatio
488 1721 622 1779 maxima.
643 1717 784 1778 Nostrum
802 1721 900 1792 enim,
930 1720 962 1781 &
984 1718 1083 1779 nostra
1114 1719 1190 1779 causa
1232 1785 1234 1794 ¹

307 1798 469 1881 susceptum
491 1800 627 1862 dolorem
651 1800 767 1860 modice
790 1798 865 1859 serre
891 1801 1055 1873 debemus,
1092 1822 1130 1861 ne
1161 1802 1190 1862 &
1231 1805 1234 1868 ἶ

306 1882 422 1943 nosmet
437 1880 515 1963 ipsos
528 1902 625 1942 amare
644 1882 806 1942 videamur.
821 1881 873 1941 Illa
884 1880 1006 1962 suspicio
1020 1881 1191 1942 intolerabili
1230 1873 1234 1994 1

307 1964 412 2025 dolore
430 1964 558 2036 cruciat,
576 1963 596 2023 fi
610 1967 762 2043 opinamur
778 1983 828 2023 eos
844 1964 946 2044 quibus
968 1963 1063 2023 orbari
1077 1962 1191 2036 sumus,
1231 2001 1234 2032 .

306 2044 365 2107 esse
384 2066 450 2107 cum
463 2047 561 2126 aliquo
578 2044 658 2104 sensu
678 2047 707 2103 in
720 2045 755 2103 iis
775 2046 880 2115 malis,
898 2044 1003 2125 quibus
1019 2044 1111 2125 vulgi>
1129 2045 1190 2126 opi·
1231 2039 1234 2116 l

306 2143 419 2187 namur.
437 2126 520 2186 Hanc
533 2146 669 2187 excutere
680 2126 851 2206 opinionem
869 2127 1005 2187 'mihimet
1021 2128 1104 2188 volui
1118 2128 1192 2202 rudi·¹
1232 2121 1234 2166 ἶ

209 2239 211 2243 ·
307 2209 399 2277 citus,
415 2228 511 2289 eoque
529 2206 568 2267 sui
587 2206 701 2268 sortasse
721 2208 845 2289 longior.

311 2311 313 2316 ·
347 2287 470 2348 XLVII.
497 2290 537 2347 A.
558 2285 605 2346 Tu
628 2289 762 2368 longior?
786 2309 845 2348 non
868 2288 939 2349 mihi
958 2288 1092 2370 'quidem
1111 2290 1189 2350 Prior
1230 2285 1234 2358 ξ

306 2370 385 2431 enim
409 2387 473 2447 pars
492 2368 631 2428 orationis
646 2387 703 2454 tuae
718 2367 857 2438 faciebat,
878 2387 910 2429 ut
934 2372 1008 2430 mori
1032 2391 1188 2452 cuperem:
1231 2363 1234 2432 l

306 2447 468 2530 posterior,
487 2465 518 2508 ut
538 2449 631 2510 modi>
651 2472 711 2511 non
729 2450 857 2521 nollem,
880 2453 971 2511 modi)
998 2473 1057 2511 non
1075 2453 1189 2514 labora·
1231 2441 1234 2492 l

304 2550 397 2591 rem:
419 2548 431 2588 ι
453 2531 534 2591 om'ni
559 2548 656 2592 autem
679 2533 812 2592 oratione
834 2532 906 2592 illud
929 2531 1007 2593 certe
1030 2533 1188 2613 persedunr

304 2611 363 2682 est,
385 2628 417 2671 ut
431 2629 558 2673 mortem
572 2633 631 2673 non
646 2613 785 2674 ducerem
798 2615 827 2673 in
839 2615 932 2674 malis.
943 2617 991 2680 M.
1007 2612 1086 2674 Num
1104 2619 1188 2697 igitur

303 2695 393 2753 etiam
411 2692 560 2753 rhetorum
579 2693 729 2775 epilogum
748 2694 966 2767 desideramus,
989 2713 1025 2756 an
1039 2694 1096 2773 jam
1117 2698 1187 2757 hanc
1231 2731 1234 2784 1

303 2791 398 2834 artem
416 2773 503 2853 plane
519 2774 732 2855 relinquimus?
755 2781 796 2837 A.
811 2774 859 2836 Tu
875 2775 946 2838 veri>
965 2774 1048 2837 istam
1059 2791 1106 2837 'ne
1125 2780 1189 2839 reli·
1232 2801 1234 2832 :

303 2855 420 2935 queris,
448 2874 534 2936 quam
553 2854 667 2936 semper
693 2854 819 2917 ornasti:
846 2856 1019 2939 &equidem
1037 2856 1123 2938 jure:
1143 2860 1188 2921 illa
1231 2887 1234 2956 1

302 2937 382 2997 enim
392 2950 443 3004 te,
459 2955 562 2996 verum
581 2934 602 2995 sr
617 2938 697 3020 loqui
709 2937 862 3019 volumus,
877 2957 1042 2999 ornaverat.
1053 2938 1113 3000 Sed
1126 2943 1187 3023 qui·
1229 2959 1234 3060 1

302 3036 371 3076 nam
386 3012 426 3075 est
436 3015 487 3080 ille
498 3016 652 3097 epilogus?
669 3038 745 3078 aveo
757 3021 835 3080 enim
844 3019 966 3093 audire,
981 3021 1127 3101 quidquid
1140 3020 1187 3083 est.
1232 3069 1234 3088 ;

302 3099 351 3157 M.
361 3095 498 3170 Deorum
516 3099 723 3160 immortalium
733 3097 840 3179 judicia
854 3099 947 3162 solent
960 3104 991 3162 in
1002 3100 1109 3172 scholis
1122 3124 1186 3184 pro·

302 3177 380 3242 serre
392 3177 433 3239 de
441 3197 536 3241 morte
546 3202 553 3240 :
565 3175 621 3242 ne'c
631 3181 704 3243 verb
715 3175 749 3242 'ea
759 3178 869 3265 fingere
879 3180 950 3263 ipsi:
967 3181 1019 3252 sed
1030 3182 1185 3246 Herodoto

336 3325 537 3389 3017mpr'onices
549 3325 644 3375 nobilis.
661 3324 728 3377 Con·
760 3338 813 3379 tout
831 3340 900 3381 notre
918 3328 1021 3381 discours
1037 3329 1083 3380 m’a
1097 3329 1185 3394 persua·

301 3404 334 3441 nu
354 3404 396 3463 par
420 3391 455 3442 ses
481 3389 589 3443 vifloirer
608 3405 653 3443 aur
674 3392 729 3457 leun
761 3393 791 3445 de
806 3392 837 3444 de
852 3396 958 3460 nepoint
974 3395 1186 3465 regatdrrlatuou

300 3453 469 3520 orynprques,
760 3470 856 3514 comme
871 3472 902 3514 uu
919 3459 975 3516 mul.

337 3520 441 3571 tOmni
463 3534 556 3579 aurem.
584 3520 635 3577 uc.
662 3520 730 3576 Eusrn
