2817 4267
566 355 746 420 LIBER
789 355 829 420 V.
1072 378 1135 444 313,

220 463 338 527 tiemo·
360 463 400 525 ad
419 462 496 523 bene
514 463 675 523 vivendum
698 460 800 522 satisne
818 459 860 521 esl
877 461 1002 543 ptaetidii
1019 463 1048 523 in
1072 468 1135 524 vir·

224 549 323 608 tute?
351 549 395 608 A.
411 543 500 604 eene
524 543 597 602 satis.
620 547 664 602 M.
686 541 774 602 Potes
792 545 895 624 igitur,
916 561 965 603 aut
986 548 1035 626 qui
1055 548 1132 607 male

224 632 349 699 ¹uiuat,
382 645 446 685 nou·
464 643 531 683 eum
553 623 687 683 miserum
711 624 809 706 dicere
832 644 839 681 t
860 642 925 695 aut,
950 646 1037 706 quem
1056 629 1133 689 bene

223 708 375 779 fateare,
395 725 461 766 eutn
472 725 577 786 negate
587 705 672 764 beate
682 704 804 764 vivere?
820 709 861 765 A.
877 703 993 784 Quidni
1008 707 1135 787 pollrml

227 809 307 852 uam
328 791 419 848 etiam
440 789 470 846 in
491 788 643 847 tormentis
656 784 747 859 nesle,
768 785 908 859 bonelli,
927 787 1136 865 laudabiliter,

230 873 269 936 ἃ
289 870 334 932 ob
356 887 423 928 eam
442 886 504 926 rent
521 866 596 925 bene
615 867 676 925 vivi
697 865 816 946 potest,
839 867 1002 929 dummodo
1024 872 1136 930 intelli-

229 971 290 1035 gas
313 948 389 1032 quid
407 961 483 1008 nunc
505 948 599 1006 dicam
624 947 700 1006 bene
715 967 722 1004 :
740 949 807 1006 dico
832 950 929 1020 enim,
950 949 1135 1022 constanter.

232 1034 393 1118 graviter,
405 1028 563 1110 sapienter,
574 1027 697 1088 sortiter.
713 1043 726 1083 t
743 1027 816 1088 Haec
833 1031 917 1088 etiam
934 1029 992 1089 ine
1015 1034 1133 1092 uuleum

197 1143 207 1154 ·
232 1110 460 1191 conjiciuntur,¹
480 1109 539 1189 quo
556 1111 615 1168 uita
627 1129 685 1167 non
700 1107 804 1187 aspirat
822 1109 915 1170 beata.
928 1114 972 1169 M.
986 1051 1071 1189 &uid
1083 1116 1137 1195 igi·

235 1193 313 1256 tut?
330 1189 431 1252 solane
444 1192 530 1251 beata
548 1191 628 1261 vita,
647 1188 763 1270 quaeso,
786 1189 956 1271 relinquitur
979 1211 1060 1251 extra
1085 1193 1136 1254 os·

236 1277 318 1340 tium
332 1273 484 1354 limenque
497 1271 641 1343 carceris,
656 1272 723 1329 ciunt
737 1269 912 1344 constantia,
923 1273 1064 1352 gravitas,
1075 1272 1137 1334 sot·

240 1355 360 1426 titudo,
382 1353 538 1437 sapientia,
563 1353 740 1432 reliquaeque
762 1353 903 1420 virtute's,
928 1354 1071 1432 rapiantur
1096 1355 1136 1419 ad

242 1452 416 1509 tortorem,
441 1432 612 1513 nullumque
636 1430 768 1492 recusent
792 1452 846 1491 nec
867 1432 1056 1514 supplicium,
1079 1457 1136 1498 nec

244 1516 404 1578 dolorem?
421 1520 462 1576 A.
476 1513 546 1584 Tu,
567 1533 585 1572 a
604 1511 625 1570 fi
642 1514 712 1591 quid
731 1532 762 1572 es
781 1512 922 1584 sadlurus,
942 1536 1020 1574 nova
1039 1517 1135 1599 aliqua

241 1599 402 1682 conquiras
419 1611 549 1677 oportet.
565 1591 622 1653 lsla
642 1611 690 1653 me
713 1595 831 1680 minime
850 1614 990 1671 movent,
1008 1619 1067 1657 non
1086 1599 1135 1660 so·

229 1679 308 1740 'llum
326 1681 395 1761 quia
414 1677 583 1758 pervulgata
599 1672 663 1733 sunt
674 1717 690 1755 Ι,
722 1673 771 1734 sed
800 1675 891 1736 multb
913 1682 1023 1759 magis,
1042 1682 1135 1759 quia,

223 1775 294 1822 -tan
339 1779 386 1820 am
404 1757 480 1819 levia
522 1755 633 1815 uaedam
656 1756 724 1815 vina
746 1776 761 1834 3
783 1755 853 1813 nihil
876 1758 974 1816 valent
995 1760 1023 1817 in
1039 1781 1131 1840 aqua,

247 1835 289 1902 tic
328 1843 472 1900 tuicotum
494 1778 547 1896 iia
567 1835 657 1916 magis
677 1832 805 1916 gustata,
827 1836 913 1917 quim
936 1857 1052 1917 potata,
1079 1842 1135 1900 de-

247 1919 361 1984 letlant.
383 1919 473 1981 Velut
492 1917 544 1977 isle
567 1917 673 1977 chorus
691 1917 832 1978 virtutum
852 1917 883 1975 in
900 1919 1055 1996 equuleum
1075 1924 1135 1980 im·

247 2004 377 2084 positus,
401 1999 540 2081 imagines
554 1996 702 2058 constituit
714 2017 779 2056 ante
792 1998 893 2057 oculos
910 2019 978 2059 cum
988 2002 1137 2081 amplissi-

247 2097 296 2143 'ma
310 2082 467 2165 dignitate,
488 2095 519 2139 ut
533 2078 570 2138 ad
589 2099 639 2139 eas
655 2079 767 2137 cursim
788 2080 970 2158 petresluta,
991 2099 1044 2139 nec
1065 2087 1135 2156 eas,

241 2161 333 2234 ¹beata
351 2161 441 2226 uitait
457 2159 486 2220 se
501 2160 627 2220 desertas
649 2179 765 2238 passura
779 2161 927 2221 videatur:
948 2163 1015 2220 cium
1034 2182 1134 2225 autem
1200 2165 1214 2182 ‘

249 2248 377 2307 animum
396 2244 432 2302 ab
455 2238 507 2302 illa
524 2239 651 2321 pisluta,
679 2239 906 2321 imaginibusque
930 2242 1069 2304 virtutum
1094 2245 1134 2306 ad

249 2333 333 2398 rem,
366 2325 581 2403 veritatemque
610 2319 792 2388 traduxerit,
822 2321 878 2381 boc
908 2324 1018 2383 nudum
1046 2329 1136 2388 relin-

248 2403 366 2489 quitur,
396 2404 526 2484 possitne
548 2403 612 2481 quis
635 2401 737 2459 beatus
755 2419 819 2459 esse
838 2404 974 2480 quamdiu
995 2422 1135 2487 torquea-

247 2503 304 2548 tur.
314 2484 519 2565 Quamobrem
530 2484 593 2562 ¹hoc
613 2502 688 2540 nunc
700 2499 874 2562 quaetamus.
891 2481 1021 2543 Virtutes
1035 2504 1133 2548 autem

193 2581 201 2616 '·
247 2569 309 2631 'ooli
329 2568 424 2629 vereri
451 2583 488 2624 ue
515 2583 549 2626 ex
572 2561 698 2623 ostuleut
726 2564 758 2622 ὃ(
783 2579 938 2640 querantur
964 2562 1026 2623 sed
1049 2567 1135 2628 beata
1178 2627 1180 2632 ,

222 2679 224 2686 ·
248 2652 310 2710 vita
329 2645 386 2709 esse
405 2644 525 2705 telislar.
549 2585 579 2703 it
606 2646 684 2703 enim
703 2641 780 2702 nulla
798 2644 891 2700 virtus
908 2644 1060 2722 prudentii
1077 2669 1134 2707 va-

248 2749 314 2803 cat,
331 2727 487 2812 prudentia
503 2723 560 2805 ipsa
580 2726 635 2785 ltoc
652 2723 752 2793 videt,
768 2741 828 2780 non
845 2743 949 2783 omnes
966 2724 1061 2785 bunos
1078 2726 1135 2789 ello

249 2814 336 2874 etiarn
352 2810 474 2870 beatos:
490 2808 639 2887 multaque
656 2805 693 2862 de
713 2802 756 2861 M.
770 2804 873 2862 Attilio
883 2848 893 2878 ,
913 2802 955 2883 Q.
973 2803 1136 2886 Caepione,

227 2885 233 2896 ’
249 2891 294 2954 Μ.
303 2891 426 2972 Aquilio
436 2888 603 2949 recordatur
614 2907 621 2944 :
634 2887 806 2963 beatamque
817 2886 922 2956 vitam,
934 2888 957 2944 si
966 2887 1137 2968 imaginibus

248 2975 347 3056 potius
363 2972 427 3044 uti,
447 2968 534 3050 quim
550 2968 635 3027 rebus
654 2968 724 3044 ipsis
736 2966 849 3047 placet,
871 2983 1024 3027 conantem
1046 2970 1087 3029 ite
1107 2972 1137 3030 iu

251 3053 409 3136 equuleum
429 3052 533 3110 retinet
550 3047 609 3126 ipsa
622 3049 794 3126 prudentia,
816 3068 836 3119 4
857 3067 1003 3128 negatque
1025 3051 1053 3111 ei
1070 3071 1137 3113 cum

251 3135 378 3208 dolote,
399 3130 576 3194 &cruciatu
593 3129 752 3211 quidquam
773 3126 830 3188 elle
848 3148 1015 3191 commune.

284 3293 296 3328 r
319 3277 377 3328 Hac
394 3279 474 3323 etiam.
489 3273 582 3339 Nempe
593 3273 681 3337 sapien·
714 3270 802 3323 voultr.
822 3286 859 3322 me
875 3273 1027 3326 convaluere.

254 3353 289 3395 tet
302 3344 328 3394 dt
340 3341 432 3392 sortiter
443 3340 539 3398 uivere,
552 3339 682 3399 utasltutut
748 3350 761 3400 3
778 3336 850 3384 Nihil
859 3338 946 3402 ualent
968 3339 994 3387 in
1012 3356 1082 3406 aqua.
1102 3339 1141 3395 Ne

252 3409 283 3470 ab
295 3421 326 3459 eo
339 3407 377 3473 qui
388 3407 411 3456 itt
421 3404 523 3470 equuleo
535 3404 577 3455 cll.
715 3414 808 3471 portent
825 3404 890 3468 poiut
906 3403 976 3456 l'eau.

286 3473 340 3530 asi
351 3473 409 3541 quid
418 3469 567 3540 esfaiiurus.
581 3466 605 3521 si
621 3480 684 3523 vous
747 3466 896 3537 ‘Negatput
907 3467 1013 3597 ιὶὸδιε.
1031 3468 1060 3523 Et
1070 3469 1099 3529 lui
1111 3472 1145 3527 dit
