2817 4267
504 431 586 496 ,De
627 431 879 496 Amtctrtn.
1074 446 1132 512 ¹97

248 527 373 612 Ennius}
402 534 454 619 qui
482 554 543 597 non
568 538 598 596 in
612 538 698 612 amici
717 554 817 596 mutua
833 533 1040 596 benevolentia
1057 553 1134 593 con·

251 618 393 697 quiescat?
414 617 484 697 quid
503 618 630 685 dulcius,
654 618 740 698 quim
760 618 885 687 habere,
903 618 1020 696 quicum
1033 616 1133 674 omnia

251 694 349 759 audeas
364 701 407 758 sic
425 700 527 779 loqui,
546 715 577 757 ut
593 697 713 757 teeurn?
738 700 801 778 quis
821 696 890 755 esset
908 713 1002 756 tantus
1023 694 1132 754 studius

252 777 277 836 in
290 778 435 861 prosperis
455 779 558 848 rebus,
581 779 635 837 nisi
656 779 798 847 haberes,
844 779 872 835 ui
899 777 955 835 illis
978 775 1077 856 aeque,
1095 795 1131 835 ac

254 873 279 916 tu
290 861 349 940 ipse
362 859 556 942 ‚ogandereti
576 858 708 917 adversas
729 860 803 918 vero
822 798 900 918 serre
919 854 1037 916 difficile
1059 854 1131 917 esset

256 940 307 999 aine
321 961 380 1014 eo,
401 942 450 1021 qui
472 940 534 999 illas
547 942 661 1020 gravius
674 942 762 998 etiam
774 983 783 1012 ,
797 938 884 1017 quim
894 958 924 997 tu
936 980 945 1009 ,
956 936 1052 998 ferret.
1064 936 1131 996 De·

257 1020 332 1102 nique
352 1038 459 1082 ceterae
489 1021 551 1092 rea,
574 1039 638 1099 quae
662 1038 852 1098 expetuntur,
868 1036 1042 1098 opportunae
1065 1016 1130 1077 sunt

258 1097 364 1182 singutae'
379 1103 467 1161 rebus
489 1099 550 1161 sere
570 1100 708 1180 singulis:
724 1101 852 1171 divitiae,
873 1119 902 1158 ut
921 1117 1020 1170 utare;
1037 1117 1128 1178 opes,

258 1196 280 1237 ut
292 1183 388 1242 colare
403 1201 412 1254 ;
432 1182 580 1253 honores,
599 1199 630 1240 ut
651 1182 768 1241 laudere
778 1201 788 1253 ;
809 1181 994 1260 voluptates,
1013 1195 1045 1238 ut
1058 1198 1130 1257 gau·

259 1255 331 1337 deas;
352 1262 512 1330 valetudo,
532 1278 563 1320 ut
580 1262 683 1321 dolore
702 1282 818 1333 careas,
838 1261 870 1321 dt
883 1259 1049 1319 muneribus
1063 1257 1130 1316 fun·

259 1355 312 1416 gare
332 1345 486 1422 corporis:
508 1343 633 1402 amicitia
654 1362 698 1401 res
720 1343 856 1423 plurimas
877 1343 1029 1399 continet:
1054 1357 1130 1418 quo·

259 1424 304 1498 qud
324 1443 352 1484 te
379 1424 519 1493 verteris,
540 1419 643 1502 praesto
665 1422 726 1494 est,
745 1423 826 1482 nullo
853 1423 920 1481 loco
939 1418 1102 1481 excluditur
1119 1440 1129 1477 a

256 1517 403 1585 numquam
421 1502 643 1584 intempestiva,
655 1522 813 1584 numquam
826 1500 947 1561 molesta
959 1522 986 1578 e¹
1024 1498 1129 1578 Itaque

254 1598 301 1643 ton
316 1585 412 1667 aquai,
433 1605 493 1646 non
508 1586 585 1665 igni,
603 1603 634 1643 ut
649 1587 747 1657 aiunt,
764 1585 892 1664 pluribus
909 1585 981 1643 locis
1024 1583 1128 1653 timur,

253 1665 329 1741 quim
349 1668 476 1726 amicitia
490 1689 497 1724 :
512 1685 606 1744 neque
630 1686 685 1746 ego
702 1687 777 1724 nunc
801 1666 837 1724 de
859 1664 991 1747 vulgari,
1017 1680 1066 1723 aut
1087 1662 1128 1722 de

248 1747 387 1807 mediocri
412 1746 424 1823 (
436 1765 499 1825 quae
519 1761 615 1804 tamen
630 1745 687 1826 ipsa
706 1747 737 1806 &
760 1745 900 1815 deludat,
933 1747 964 1806 &
984 1741 1126 1825 prodesi)

246 1821 291 1884 sed
313 1827 350 1885 de
374 1845 446 1886 vera
467 1827 499 1885 δι
514 1824 637 1904 perfesia
660 1827 789 1907 loquor,
819 1826 911 1905 qualis
932 1845 1050 1891 eorum,
1076 1826 1127 1901 qui

245 1907 326 1982 pauci
340 1909 545 1976 nominantur,
560 1905 633 1967 suit:
654 1926 721 1964 nam
742 1908 774 1966 de
790 1903 929 1964 secundas
951 1925 1012 1976 tes,
1031 1903 1129 1980 splen-1

244 1985 370 2047 didiores
391 1986 459 2046 facit
477 1988 623 2057 amicitia,
644 1989 675 2048 ὃ(
694 1986 827 2047 adversas
850 1985 977 2065 partiens
992 2003 1127 2043 commu·

243 2066 416 2148 uitansque,
436 2065 574 2126 leviores.

281 2145 349 2207 VH.
367 2145 530 2225 Quumque
548 2145 684 2226 plurimas
708 2145 740 2208 δι
768 2147 907 2206 maximas
928 2127 1127 2207 commodita-

242 2240 283 2286 tes
298 2229 428 2287 amicitia
446 2229 612 2296 contineat,
638 2246 700 2286 tum
717 2228 766 2286 iila
781 2229 914 2288 nimirum
931 2226 1043 2303 praestat
1057 2248 1127 2286 om·

242 2308 344 2378 nibus,
372 2326 385 2365 1
408 2308 488 2401 quiid
509 2307 586 2368 boni
603 2307 652 2388 spe
661 2309 812 2447 ‘fraelucet
830 2311 859 2368 in
879 2310 1048 2391 posterum;
1068 2329 1124 2368 nec

242 2387 382 2452 debilitari
402 2408 536 2461 animos,
558 2405 658 2448 autea
682 2409 732 2448 ere
755 2394 868 2471 patitur.
890 2390 999 2450 Verum
1014 2392 1125 2450 etenim

243 2470 366 2528 amicum
384 2470 434 2548 qui
453 2471 597 2541 intuetur,
617 2486 762 2549 tamquam
782 2471 930 2550 exemplar
943 2473 1061 2550 aliquod
1082 2475 1125 2531 im
1181 2505 1185 2520 ι

241 2564 333 2608 tuetur
356 2548 418 2607 sui:
442 2552 578 2628 quocirca
602 2550 635 2609 δι
659 2552 791 2609 absentes
812 2550 928 2621 adsunt,
946 2554 978 2612 δι
1005 2568 1124 2624 egentes

241 2629 386 2690 abundant
414 2630 447 2690 &
471 2630 629 2690 imbecilles
646 2632 766 2699 valent,
794 2631 846 2701 δι,
877 2631 958 2710 quod
980 2627 1125 2689 difficilius

242 2709 311 2770 dieu
323 2708 387 2784 est,
400 2713 505 2770 mortui
519 2712 642 2785 vivunt3
660 2728 753 2769 tantus
772 2730 822 2770 eos
835 2712 946 2780 honos,
960 2713 1123 2780 memoria,

241 2791 416 2862 desiderium
441 2790 624 2871 prosequitur
651 2794 808 2850 amicorum
830 2811 837 2853 t
870 2811 905 2849 ex
923 2811 982 2871 quo
1004 2790 1123 2850 illorum

240 2870 317 2938 beata
331 2892 412 2931 mors
432 2872 569 2945 videtur3
599 2873 703 2931 horum
718 2873 778 2929 vita
797 2870 958 2932 laudabilis.
983 2870 1076 2951 Quod
1098 2875 1123 2932 si

239 2955 378 3012 exemeris
400 2970 416 3009 2
438 2971 472 3011 ex
492 2971 590 3012 natura
616 2973 711 3012 rerum
733 2944 947 3013 benevolentiae
979 2952 1122 3028 conjunc·

237 3032 363 3106 tionem;
385 3052 440 3091 nec
460 3033 564 3093 domus
585 3034 659 3104 ulla,
685 3054 740 3093 nec
759 3035 825 3093 urbs
852 3032 924 3095 stare
948 3037 1076 3115 poterit3
1102 3057 1118 3116 3

237 3132 270 3173 ne
284 3116 345 3195 agri
362 3113 482 3194 quidem
502 3115 594 3174 cultus
617 3114 817 3194 permanebit:
835 3116 866 3176 id
885 3117 910 3175 si
930 3118 1023 3177 minius
1036 3116 1121 3177 intel-

267 3214 368 3284 1Qndd
384 3215 446 3264 hond
455 3216 498 3282 spe
509 3216 616 3282 praelucet
635 3220 662 3268 in
696 3233 771 3269 rerum
784 3219 948 3280 universitate,
967 3235 996 3272 ex
1013 3219 1111 3275 mundo.

237 3280 352 3341 rosteram.
369 3279 445 3346 Qudd
461 3282 513 3332 face
524 3281 587 3333 velut
601 3296 661 3345 prae·
730 3296 741 3346 3
754 3282 790 3330 Ne
804 3302 819 3331 a
835 3287 856 3331 ti
887 3283 1048 3334 tridentensem
1062 3302 1120 3349 per·

237 3347 325 3395 'utente
351 3344 452 3395 ostendit
485 3345 660 3410 quidboni&
693 3347 804 3400 manebit.
818 3302 922 3402 {tibiatis
937 3351 984 3402 scil.
997 3350 1120 3400 huntotem

237 3408 353 3460 :ommodi
369 3409 503 3473 sperandum
517 3412 547 3462 sit
561 3410 590 3461 ab
602 3412 660 3461 ami·
692 3411 751 3463 inter
771 3414 796 3464 δι
820 3413 925 3467 calorem
951 3411 1119 3478 conlundiunis

237 3473 265 3527 :is
281 3475 302 3523 in
320 3471 448 3536 posterum.
692 3477 799 3532 viucuiis.

260 3552 277 3594 2
295 3537 336 3590 Eat
356 3552 442 3589 natura
462 3557 546 3596 rerum.
563 3537 597 3592 Ex
614 3542 657 3594 huc

876 3606 934 3694 rnj
