<?xml version="1.0" encoding="UTF-8"?>
<!DOCTYPE html PUBLIC "-//W3C//DTD XHTML 1.0 Transitional//EN"
    "http://www.w3.org/TR/xhtml1/DTD/xhtml1-transitional.dtd">
<html xmlns="http://www.w3.org/1999/xhtml" xml:lang="en" lang="en">
 <head>
  <title>
</title>
<meta http-equiv="Content-Type" content="text/html;charset=utf-8" />
  <meta name='ocr-system' content='tesseract 3.04.00' />
  <meta name='ocr-capabilities' content='ocr_page ocr_carea ocr_par ocr_line ocrx_word'/>
</head>
<body>
  <div class='ocr_page' id='page_1' title='image "./selectaoperaphi00cicegoog_0055.png"; bbox 0 0 2817 4267; ppageno 0'>
   <div class='ocr_carea' id='block_1_1' title="bbox 183 406 1173 3645">
    <p class='ocr_par' dir='ltr' id='par_1_1' title="bbox 183 406 1173 3645">
     <span class='ocr_line' id='line_1_1' title="bbox 465 406 1130 569; baseline -0.002 -101"><span class='ocrx_word' id='word_1_1' title='bbox 465 406 647 469; x_wconf 62' lang='lat' dir='ltr'>hiran</span> <span class='ocrx_word' id='word_1_2' title='bbox 687 422 833 467; x_wconf 75' lang='lat' dir='ltr'>antu</span> <span class='ocrx_word' id='word_1_3' title='bbox 859 418 929 467; x_wconf 78' lang='grc' dir='ltr'>ιιι.Ι</span> <span class='ocrx_word' id='word_1_4' title='bbox 1086 407 1130 569; x_wconf 74' lang='lat' dir='ltr'>l⁷</span> 
     </span>
     <span class='ocr_line' id='line_1_2' title="bbox 261 507 1132 593; baseline -0.003 -22"><span class='ocrx_word' id='word_1_5' title='bbox 261 511 349 586; x_wconf 50' lang='lat' dir='ltr'>suo.</span> <span class='ocrx_word' id='word_1_6' title='bbox 366 507 541 572; x_wconf 83' lang='lat' dir='ltr'>Cavendum</span> <span class='ocrx_word' id='word_1_7' title='bbox 560 530 658 571; x_wconf 86' lang='lat' dir='ltr'>autent</span> <span class='ocrx_word' id='word_1_8' title='bbox 682 511 745 581; x_wconf 88' lang='lat' dir='ltr'>est,</span> <span class='ocrx_word' id='word_1_9' title='bbox 766 511 922 593; x_wconf 77' lang='lat' dir='ltr'>praesertim</span> <span class='ocrx_word' id='word_1_10' title='bbox 944 509 966 569; x_wconf 86' lang='lat' dir='ltr'>si</span> <span class='ocrx_word' id='word_1_11' title='bbox 985 507 1046 591; x_wconf 84' lang='lat' dir='ltr'>ipse</span> <span class='ocrx_word' id='word_1_12' title='bbox 1059 530 1082 568; x_wconf 88' lang='lat' dir='ltr'>ae</span> <span class='ocrx_word' id='word_1_13' title='bbox 1106 513 1132 568; x_wconf 91' lang='lat' dir='ltr'>i·</span> 
     </span>
     <span class='ocr_line' id='line_1_3' title="bbox 223 587 1132 673; baseline -0.001 -23"><span class='ocrx_word' id='word_1_14' title='bbox 223 611 225 616; x_wconf 92' lang='lat'>·</span> <span class='ocrx_word' id='word_1_15' title='bbox 249 587 333 665; x_wconf 80' lang='lat' dir='ltr'>liter,</span> <span class='ocrx_word' id='word_1_16' title='bbox 354 613 392 651; x_wconf 90' lang='lat' dir='ltr'>ne</span> <span class='ocrx_word' id='word_1_17' title='bbox 414 612 493 660; x_wconf 82' lang='lat' dir='ltr'>extra</span> <span class='ocrx_word' id='word_1_18' title='bbox 514 595 635 655; x_wconf 90' lang='lat' dir='ltr'>modurn</span> <span class='ocrx_word' id='word_1_19' title='bbox 649 593 763 673; x_wconf 89' lang='lat' dir='ltr'>sumptu</span> <span class='ocrx_word' id='word_1_20' title='bbox 784 595 813 653; x_wconf 71' lang='grc' dir='ltr'>δι</span> <span class='ocrx_word' id='word_1_21' title='bbox 832 589 1045 673; x_wconf 69' lang='lat' dir='ltr'>magnificentia</span> <span class='ocrx_word' id='word_1_22' title='bbox 1066 611 1132 671; x_wconf 90' lang='lat' dir='ltr'>pro·</span> 
     </span>
     <span class='ocr_line' id='line_1_4' title="bbox 248 671 1131 754; baseline 0.003 -24"><span class='ocrx_word' id='word_1_23' title='bbox 248 671 307 732; x_wconf 88' lang='lat' dir='ltr'>deas</span> <span class='ocrx_word' id='word_1_24' title='bbox 330 675 470 752; x_wconf 78' lang='lat' dir='ltr'>t&#39;quo-in</span> <span class='ocrx_word' id='word_1_25' title='bbox 490 693 596 754; x_wconf 79' lang='lat' dir='ltr'>genere</span> <span class='ocrx_word' id='word_1_26' title='bbox 616 674 739 733; x_wconf 90' lang='lat' dir='ltr'>multum</span> <span class='ocrx_word' id='word_1_27' title='bbox 757 674 825 732; x_wconf 89' lang='lat' dir='ltr'>mali</span> <span class='ocrx_word' id='word_1_28' title='bbox 844 676 929 732; x_wconf 88' lang='lat' dir='ltr'>etiam</span> <span class='ocrx_word' id='word_1_29' title='bbox 949 675 978 731; x_wconf 93' lang='lat' dir='ltr'>in</span> <span class='ocrx_word' id='word_1_30' title='bbox 992 674 1131 752; x_wconf 82' lang='lat' dir='ltr'>exemplo</span> 
     </span>
     <span class='ocr_line' id='line_1_5' title="bbox 246 751 1130 835; baseline 0 -24"><span class='ocrx_word' id='word_1_31' title='bbox 246 751 301 811; x_wconf 84' lang='lat' dir='ltr'>ell:</span> <span class='ocrx_word' id='word_1_32' title='bbox 323 752 453 813; x_wconf 72' lang='lat' dir='ltr'>studiose</span> <span class='ocrx_word' id='word_1_33' title='bbox 471 757 548 813; x_wconf 89' lang='lat' dir='ltr'>enim</span> <span class='ocrx_word' id='word_1_34' title='bbox 564 756 696 835; x_wconf 81' lang='lat' dir='ltr'>plerique</span> <span class='ocrx_word' id='word_1_35' title='bbox 718 800 725 824; x_wconf 87' lang='lat'>,</span> <span class='ocrx_word' id='word_1_36' title='bbox 746 753 903 833; x_wconf 77' lang='lat' dir='ltr'>praesertim</span> <span class='ocrx_word' id='word_1_37' title='bbox 923 756 951 811; x_wconf 90' lang='lat' dir='ltr'>in</span> <span class='ocrx_word' id='word_1_38' title='bbox 972 755 1043 813; x_wconf 86' lang='lat' dir='ltr'>hanc</span> <span class='ocrx_word' id='word_1_39' title='bbox 1062 775 1130 832; x_wconf 87' lang='lat' dir='ltr'>par-</span> 
     </span>
     <span class='ocr_line' id='line_1_6' title="bbox 222 833 1134 915; baseline 0.003 -25"><span class='ocrx_word' id='word_1_40' title='bbox 222 885 224 890; x_wconf 93' lang='lat'><em>.</em></span> <span class='ocrx_word' id='word_1_41' title='bbox 245 850 319 904; x_wconf 85' lang='lat' dir='ltr'>tem,</span> <span class='ocrx_word' id='word_1_42' title='bbox 338 833 410 893; x_wconf 66' lang='lat' dir='ltr'>fadla</span> <span class='ocrx_word' id='word_1_43' title='bbox 422 837 588 915; x_wconf 83' lang='lat' dir='ltr'>principum</span> <span class='ocrx_word' id='word_1_44' title='bbox 607 838 774 907; x_wconf 81' lang='lat' dir='ltr'>imitantur3</span> <span class='ocrx_word' id='word_1_45' title='bbox 791 854 820 898; x_wconf 81' lang='lat' dir='ltr'>ut</span> <span class='ocrx_word' id='word_1_46' title='bbox 839 835 871 893; x_wconf 87' lang='lat' dir='ltr'>L.</span> <span class='ocrx_word' id='word_1_47' title='bbox 893 834 1030 906; x_wconf 89' lang='lat' dir='ltr'>Luculli,</span> <span class='ocrx_word' id='word_1_48' title='bbox 1049 836 1134 893; x_wconf 76' lang='lat' dir='ltr'>sum·-</span> 
     </span>
     <span class='ocr_line' id='line_1_7' title="bbox 243 914 1130 995; baseline 0.001 -22"><span class='ocrx_word' id='word_1_49' title='bbox 243 915 276 973; x_wconf 87' lang='lat' dir='ltr'>tui</span> <span class='ocrx_word' id='word_1_50' title='bbox 294 916 373 986; x_wconf 83' lang='lat' dir='ltr'>viri,</span> <span class='ocrx_word' id='word_1_51' title='bbox 398 918 536 974; x_wconf 86' lang='lat' dir='ltr'>virtutem</span> <span class='ocrx_word' id='word_1_52' title='bbox 549 958 558 985; x_wconf 88' lang='lat'><strong><em>‚</em></strong></span> <span class='ocrx_word' id='word_1_53' title='bbox 573 917 659 995; x_wconf 83' lang='lat' dir='ltr'>quis?</span> <span class='ocrx_word' id='word_1_54' title='bbox 681 935 708 975; x_wconf 89' lang='lat' dir='ltr'>at</span> <span class='ocrx_word' id='word_1_55' title='bbox 719 916 806 995; x_wconf 74' lang='lat' dir='ltr'>quint</span> <span class='ocrx_word' id='word_1_56' title='bbox 820 914 901 973; x_wconf 89' lang='lat' dir='ltr'>multi</span> <span class='ocrx_word' id='word_1_57' title='bbox 918 915 1051 975; x_wconf 86' lang='lat' dir='ltr'>villarum</span> <span class='ocrx_word' id='word_1_58' title='bbox 1066 938 1130 974; x_wconf 85' lang='lat' dir='ltr'>ma·</span> 
     </span>
     <span class='ocr_line' id='line_1_8' title="bbox 194 992 1128 1079; baseline 0.007 -28"><span class='ocrx_word' id='word_1_59' title='bbox 194 1043 197 1076; x_wconf 66' lang='lat'>,</span> <span class='ocrx_word' id='word_1_60' title='bbox 243 992 438 1075; x_wconf 84' lang='lat' dir='ltr'>gnificentiam</span> <span class='ocrx_word' id='word_1_61' title='bbox 462 999 565 1055; x_wconf 87' lang='lat' dir='ltr'>imitati</span> <span class='ocrx_word' id='word_1_62' title='bbox 587 998 648 1056; x_wconf 87' lang='lat' dir='ltr'>lunt</span> <span class='ocrx_word' id='word_1_63' title='bbox 670 997 682 1057; x_wconf 83' lang='lat'>?</span> <span class='ocrx_word' id='word_1_64' title='bbox 712 1017 831 1076; x_wconf 82' lang='lat' dir='ltr'>quarum</span> <span class='ocrx_word' id='word_1_65' title='bbox 852 996 968 1079; x_wconf 85' lang='lat' dir='ltr'>quident</span> <span class='ocrx_word' id='word_1_66' title='bbox 987 997 1066 1056; x_wconf 72' lang='lat' dir='ltr'>certe</span> <span class='ocrx_word' id='word_1_67' title='bbox 1087 995 1128 1058; x_wconf 89' lang='lat' dir='ltr'>est</span> 
     </span>
     <span class='ocr_line' id='line_1_9' title="bbox 196 1075 1126 1157; baseline 0.005 -23"><span class='ocrx_word' id='word_1_68' title='bbox 196 1079 198 1086; x_wconf 87' lang='lat'>&#39;</span> <span class='ocrx_word' id='word_1_69' title='bbox 241 1075 536 1156; x_wconf 17' lang='lat' dir='ltr'>adhibendusUmodus</span> <span class='ocrx_word' id='word_1_70' title='bbox 551 1121 560 1149; x_wconf 93' lang='lat'>,</span> <span class='ocrx_word' id='word_1_71' title='bbox 572 1079 608 1138; x_wconf 89' lang='lat' dir='ltr'>ad</span> <span class='ocrx_word' id='word_1_72' title='bbox 622 1078 913 1157; x_wconf 77' lang='lat' dir='ltr'>mediocritatemque</span> <span class='ocrx_word' id='word_1_73' title='bbox 926 1079 1126 1139; x_wconf 85' lang='lat' dir='ltr'>revocandus:</span> 
     </span>
     <span class='ocr_line' id='line_1_10' title="bbox 238 1156 1134 1240; baseline 0.003 -25"><span class='ocrx_word' id='word_1_74' title='bbox 238 1156 400 1238; x_wconf 85' lang='lat' dir='ltr'>eademque</span> <span class='ocrx_word' id='word_1_75' title='bbox 413 1160 598 1217; x_wconf 84' lang='lat' dir='ltr'>mediocritas</span> <span class='ocrx_word' id='word_1_76' title='bbox 608 1161 645 1219; x_wconf 90' lang='lat' dir='ltr'>ad</span> <span class='ocrx_word' id='word_1_77' title='bbox 657 1178 777 1218; x_wconf 87' lang='lat' dir='ltr'>ornnem</span> <span class='ocrx_word' id='word_1_78' title='bbox 788 1157 868 1218; x_wconf 87' lang='lat' dir='ltr'>ulum</span> <span class='ocrx_word' id='word_1_79' title='bbox 880 1158 1047 1240; x_wconf 89' lang='lat' dir='ltr'>cultumque</span> <span class='ocrx_word' id='word_1_80' title='bbox 1061 1161 1134 1219; x_wconf 80' lang='lat' dir='ltr'>vitae</span> 
     </span>
     <span class='ocr_line' id='line_1_11' title="bbox 229 1238 1030 1300; baseline -0.004 0"><span class='ocrx_word' id='word_1_81' title='bbox 229 1238 438 1300; x_wconf 66' lang='lat' dir='ltr'>,transferenda</span> <span class='ocrx_word' id='word_1_82' title='bbox 450 1238 501 1298; x_wconf 88' lang='lat' dir='ltr'>est.</span> <span class='ocrx_word' id='word_1_83' title='bbox 517 1238 573 1297; x_wconf 86' lang='lat' dir='ltr'>Sed</span> <span class='ocrx_word' id='word_1_84' title='bbox 585 1243 645 1299; x_wconf 85' lang='lat' dir='ltr'>ltaec</span> <span class='ocrx_word' id='word_1_85' title='bbox 657 1238 803 1299; x_wconf 70' lang='lat' dir='ltr'>hedenus.</span> <span class='ocrx_word' id='word_1_86' title='bbox 1021 1255 1030 1267; x_wconf 85' lang='lat'>·&#39;</span> 
     </span>
     <span class='ocr_line' id='line_1_12' title="bbox 194 1317 1128 1396; baseline 0.004 -19"><span class='ocrx_word' id='word_1_87' title='bbox 194 1357 203 1368; x_wconf 58' lang='lat'>=</span> <span class='ocrx_word' id='word_1_88' title='bbox 282 1338 350 1392; x_wconf 79' lang='lat'><em>¹41.</em></span> <span class='ocrx_word' id='word_1_89' title='bbox 374 1318 406 1378; x_wconf 92' lang='lat' dir='ltr'>ln</span> <span class='ocrx_word' id='word_1_90' title='bbox 422 1322 502 1378; x_wconf 91' lang='lat' dir='ltr'>omni</span> <span class='ocrx_word' id='word_1_91' title='bbox 517 1339 615 1380; x_wconf 85' lang='lat' dir='ltr'>autem</span> <span class='ocrx_word' id='word_1_92' title='bbox 634 1318 746 1379; x_wconf 71' lang='lat' dir='ltr'>afflone</span> <span class='ocrx_word' id='word_1_93' title='bbox 769 1318 943 1396; x_wconf 83' lang='lat' dir='ltr'>suscipienda</span> <span class='ocrx_word' id='word_1_94' title='bbox 964 1361 973 1389; x_wconf 87' lang='lat'>,</span> <span class='ocrx_word' id='word_1_95' title='bbox 993 1320 1046 1378; x_wconf 88' lang='lat' dir='ltr'>tria</span> <span class='ocrx_word' id='word_1_96' title='bbox 1064 1317 1128 1381; x_wconf 88' lang='lat' dir='ltr'>sunt</span> 
     </span>
     <span class='ocr_line' id='line_1_13' title="bbox 239 1399 1126 1481; baseline 0.003 -24"><span class='ocrx_word' id='word_1_97' title='bbox 239 1399 368 1465; x_wconf 87' lang='lat' dir='ltr'>tenenda</span> <span class='ocrx_word' id='word_1_98' title='bbox 389 1420 395 1459; x_wconf 79' lang='grc' dir='ltr'>ι</span> <span class='ocrx_word' id='word_1_99' title='bbox 422 1404 546 1481; x_wconf 80' lang='lat' dir='ltr'>primunr</span> <span class='ocrx_word' id='word_1_100' title='bbox 562 1446 571 1474; x_wconf 92' lang='lat'>,</span> <span class='ocrx_word' id='word_1_101' title='bbox 589 1421 620 1459; x_wconf 93' lang='lat' dir='ltr'>ut</span> <span class='ocrx_word' id='word_1_102' title='bbox 641 1405 787 1481; x_wconf 88' lang='lat' dir='ltr'>appetitus</span> <span class='ocrx_word' id='word_1_103' title='bbox 805 1403 907 1471; x_wconf 86' lang='lat' dir='ltr'>rationi</span> <span class='ocrx_word' id='word_1_104' title='bbox 926 1419 1043 1479; x_wconf 84' lang='lat' dir='ltr'>pareat;</span> <span class='ocrx_word' id='word_1_105' title='bbox 1066 1422 1126 1479; x_wconf 89' lang='lat' dir='ltr'>quo</span> 
     </span>
     <span class='ocr_line' id='line_1_14' title="bbox 183 1479 1127 1541; baseline 0 -1"><span class='ocrx_word' id='word_1_106' title='bbox 183 1525 185 1540; x_wconf 88' lang='lat'>.</span> <span class='ocrx_word' id='word_1_107' title='bbox 237 1480 303 1539; x_wconf 84' lang='lat' dir='ltr'>nihil</span> <span class='ocrx_word' id='word_1_108' title='bbox 318 1480 360 1540; x_wconf 81' lang='lat' dir='ltr'>est</span> <span class='ocrx_word' id='word_1_109' title='bbox 376 1479 411 1540; x_wconf 90' lang='lat' dir='ltr'>ad</span> <span class='ocrx_word' id='word_1_110' title='bbox 433 1480 527 1541; x_wconf 82' lang='lat' dir='ltr'>officia</span> <span class='ocrx_word' id='word_1_111' title='bbox 541 1479 739 1541; x_wconf 85' lang='lat' dir='ltr'>conservanda</span> <span class='ocrx_word' id='word_1_112' title='bbox 756 1482 1023 1539; x_wconf 86' lang='lat' dir='ltr'>accommodatius:</span> <span class='ocrx_word' id='word_1_113' title='bbox 1043 1480 1127 1540; x_wconf 88' lang='lat' dir='ltr'>dein·</span> 
     </span>
     <span class='ocr_line' id='line_1_15' title="bbox 183 1560 1131 1641; baseline -0.001 -21"><span class='ocrx_word' id='word_1_114' title='bbox 183 1595 185 1604; x_wconf 85' lang='grc'><strong><em>·</em></strong></span> <span class='ocrx_word' id='word_1_115' title='bbox 238 1562 294 1631; x_wconf 87' lang='lat' dir='ltr'>de,</span> <span class='ocrx_word' id='word_1_116' title='bbox 310 1581 341 1621; x_wconf 93' lang='lat' dir='ltr'>ut</span> <span class='ocrx_word' id='word_1_117' title='bbox 360 1564 626 1634; x_wconf 84' lang='lat' dir='ltr'>animadvertatur,</span> <span class='ocrx_word' id='word_1_118' title='bbox 648 1582 753 1641; x_wconf 85' lang='lat' dir='ltr'>quanta</span> <span class='ocrx_word' id='word_1_119' title='bbox 766 1562 812 1619; x_wconf 88' lang='lat' dir='ltr'>illa</span> <span class='ocrx_word' id='word_1_120' title='bbox 832 1582 877 1621; x_wconf 88' lang='lat' dir='ltr'>res</span> <span class='ocrx_word' id='word_1_121' title='bbox 887 1565 943 1633; x_wconf 78' lang='lat' dir='ltr'>ait,</span> <span class='ocrx_word' id='word_1_122' title='bbox 961 1582 1048 1641; x_wconf 90' lang='lat' dir='ltr'>quam</span> <span class='ocrx_word' id='word_1_123' title='bbox 1061 1560 1131 1620; x_wconf 88' lang='lat' dir='ltr'>effi·-</span> 
     </span>
     <span class='ocr_line' id='line_1_16' title="bbox 183 1642 1126 1720; baseline 0.003 -18"><span class='ocrx_word' id='word_1_124' title='bbox 183 1649 189 1694; x_wconf 60' lang='grc' dir='ltr'>ὗ</span> <span class='ocrx_word' id='word_1_125' title='bbox 237 1660 302 1702; x_wconf 85' lang='lat' dir='ltr'>cere</span> <span class='ocrx_word' id='word_1_126' title='bbox 323 1644 472 1716; x_wconf 72' lang='lat' dir='ltr'>velimus,</span> <span class='ocrx_word' id='word_1_127' title='bbox 490 1661 522 1702; x_wconf 93' lang='lat' dir='ltr'>ut</span> <span class='ocrx_word' id='word_1_128' title='bbox 541 1662 617 1701; x_wconf 90' lang='lat' dir='ltr'>neve</span> <span class='ocrx_word' id='word_1_129' title='bbox 634 1642 745 1720; x_wconf 88' lang='lat' dir='ltr'>major,</span> <span class='ocrx_word' id='word_1_130' title='bbox 765 1663 841 1702; x_wconf 82' lang='lat' dir='ltr'>nere</span> <span class='ocrx_word' id='word_1_131' title='bbox 863 1645 957 1702; x_wconf 87' lang='lat' dir='ltr'>minor</span> <span class='ocrx_word' id='word_1_132' title='bbox 978 1686 986 1712; x_wconf 90' lang='lat'>‚</span> <span class='ocrx_word' id='word_1_133' title='bbox 1008 1664 1074 1702; x_wconf 85' lang='lat' dir='ltr'>cura</span> <span class='ocrx_word' id='word_1_134' title='bbox 1093 1644 1126 1705; x_wconf 84' lang='lat'>&amp;</span> 
     </span>
     <span class='ocr_line' id='line_1_17' title="bbox 237 1722 1126 1804; baseline 0 -21"><span class='ocrx_word' id='word_1_135' title='bbox 237 1743 326 1804; x_wconf 84' lang='lat' dir='ltr'>opera</span> <span class='ocrx_word' id='word_1_136' title='bbox 342 1723 531 1803; x_wconf 74' lang='lat' dir='ltr'>suscipiatur,</span> <span class='ocrx_word' id='word_1_137' title='bbox 554 1724 639 1804; x_wconf 72' lang='lat' dir='ltr'>quint</span> <span class='ocrx_word' id='word_1_138' title='bbox 660 1723 741 1783; x_wconf 90' lang='lat' dir='ltr'>causa</span> <span class='ocrx_word' id='word_1_139' title='bbox 758 1723 904 1802; x_wconf 87' lang='lat' dir='ltr'>postulet:</span> <span class='ocrx_word' id='word_1_140' title='bbox 928 1726 1043 1783; x_wconf 88' lang='lat' dir='ltr'>tertium</span> <span class='ocrx_word' id='word_1_141' title='bbox 1064 1722 1126 1794; x_wconf 88' lang='lat' dir='ltr'>est,</span> 
     </span>
     <span class='ocr_line' id='line_1_18' title="bbox 207 1803 1126 1885; baseline -0.001 -23"><span class='ocrx_word' id='word_1_142' title='bbox 207 1809 211 1816; x_wconf 88' lang='lat'>&#39;</span> <span class='ocrx_word' id='word_1_143' title='bbox 236 1822 433 1864; x_wconf 80' lang='lat' dir='ltr'>utcaveamut</span> <span class='ocrx_word' id='word_1_144' title='bbox 449 1847 458 1875; x_wconf 93' lang='lat'>,</span> <span class='ocrx_word' id='word_1_145' title='bbox 476 1823 507 1863; x_wconf 95' lang='lat' dir='ltr'>ut</span> <span class='ocrx_word' id='word_1_146' title='bbox 527 1824 561 1863; x_wconf 89' lang='lat' dir='ltr'>ea</span> <span class='ocrx_word' id='word_1_147' title='bbox 572 1848 582 1874; x_wconf 92' lang='lat'>,</span> <span class='ocrx_word' id='word_1_148' title='bbox 600 1826 663 1885; x_wconf 88' lang='lat' dir='ltr'>quae</span> <span class='ocrx_word' id='word_1_149' title='bbox 682 1807 826 1884; x_wconf 77' lang='lat' dir='ltr'>pertinent</span> <span class='ocrx_word' id='word_1_150' title='bbox 841 1804 877 1862; x_wconf 86' lang='lat' dir='ltr'>ad</span> <span class='ocrx_word' id='word_1_151' title='bbox 896 1804 1043 1862; x_wconf 85' lang='lat' dir='ltr'>liberalem</span> <span class='ocrx_word' id='word_1_152' title='bbox 1060 1803 1126 1883; x_wconf 87' lang='lat' dir='ltr'>spe·</span> 
     </span>
     <span class='ocr_line' id='line_1_19' title="bbox 183 1882 1166 1964; baseline -0.001 -20"><span class='ocrx_word' id='word_1_153' title='bbox 183 1883 189 1922; x_wconf 86' lang='lat'>·&#39;</span> <span class='ocrx_word' id='word_1_154' title='bbox 235 1886 306 1944; x_wconf 80' lang='lat' dir='ltr'>ciem</span> <span class='ocrx_word' id='word_1_155' title='bbox 331 1887 365 1945; x_wconf 93' lang='lat'>&amp;</span> <span class='ocrx_word' id='word_1_156' title='bbox 388 1885 744 1964; x_wconf 80' lang='lat' dir='ltr'>dignitatem,moderata</span> <span class='ocrx_word' id='word_1_157' title='bbox 766 1882 1125 1943; x_wconf 67' lang='lat' dir='ltr'>sinnllllodus‘auremest</span> <span class='ocrx_word' id='word_1_158' title='bbox 1163 1950 1166 1957; x_wconf 29' lang='lat'>¹</span> 
     </span>
     <span class='ocr_line' id='line_1_20' title="bbox 236 1964 1124 2047; baseline -0.001 -22"><span class='ocrx_word' id='word_1_159' title='bbox 236 1969 375 2046; x_wconf 73' lang='lat' dir='ltr'>optimue,</span> <span class='ocrx_word' id='word_1_160' title='bbox 386 1964 474 2024; x_wconf 73' lang='lat' dir='ltr'>decus</span> <span class='ocrx_word' id='word_1_161' title='bbox 488 1966 580 2047; x_wconf 88' lang='lat' dir='ltr'>ipsum</span> <span class='ocrx_word' id='word_1_162' title='bbox 594 1985 712 2037; x_wconf 87' lang='lat' dir='ltr'>tenere,</span> <span class='ocrx_word' id='word_1_163' title='bbox 723 1967 759 2025; x_wconf 92' lang='lat' dir='ltr'>de</span> <span class='ocrx_word' id='word_1_164' title='bbox 769 1986 828 2045; x_wconf 92' lang='lat' dir='ltr'>quo</span> <span class='ocrx_word' id='word_1_165' title='bbox 838 1984 904 2023; x_wconf 91' lang='lat' dir='ltr'>ante</span> <span class='ocrx_word' id='word_1_166' title='bbox 917 1965 1057 2035; x_wconf 79' lang='lat' dir='ltr'>diximus,</span> <span class='ocrx_word' id='word_1_167' title='bbox 1070 1985 1124 2024; x_wconf 92' lang='lat' dir='ltr'>nec</span> 
     </span>
     <span class='ocr_line' id='line_1_21' title="bbox 235 2044 1125 2128; baseline -0.003 -21"><span class='ocrx_word' id='word_1_168' title='bbox 235 2048 370 2128; x_wconf 71' lang='lat' dir='ltr'>progredi</span> <span class='ocrx_word' id='word_1_169' title='bbox 384 2046 514 2125; x_wconf 79' lang='lat' dir='ltr'>longius..</span> <span class='ocrx_word' id='word_1_170' title='bbox 527 2046 642 2106; x_wconf 86' lang='lat' dir='ltr'>Horum</span> <span class='ocrx_word' id='word_1_171' title='bbox 654 2066 752 2106; x_wconf 88' lang='lat' dir='ltr'>tamen</span> <span class='ocrx_word' id='word_1_172' title='bbox 762 2051 847 2106; x_wconf 91' lang='lat' dir='ltr'>trium</span> <span class='ocrx_word' id='word_1_173' title='bbox 863 2044 1125 2125; x_wconf 83' lang='lat' dir='ltr'>praellantissimum</span> 
     </span>
     <span class='ocr_line' id='line_1_22' title="bbox 183 2127 819 2207; baseline -0.003 -20"><span class='ocrx_word' id='word_1_174' title='bbox 183 2137 188 2150; x_wconf 94' lang='lat'>&#39;</span> <span class='ocrx_word' id='word_1_175' title='bbox 236 2127 292 2197; x_wconf 80' lang='lat' dir='ltr'>est,</span> <span class='ocrx_word' id='word_1_176' title='bbox 307 2130 472 2207; x_wconf 87' lang='lat' dir='ltr'>appetitum</span> <span class='ocrx_word' id='word_1_177' title='bbox 485 2128 690 2207; x_wconf 88' lang='lat' dir='ltr'>obtemperare</span> <span class='ocrx_word' id='word_1_178' title='bbox 705 2128 819 2186; x_wconf 85' lang='lat' dir='ltr'>rationi.</span> 
     </span>
     <span class='ocr_line' id='line_1_23' title="bbox 183 2206 1127 2296; baseline 0.002 -32"><span class='ocrx_word' id='word_1_179' title='bbox 183 2207 202 2296; x_wconf 49' lang='grc' dir='ltr'>Τ.</span> <span class='ocrx_word' id='word_1_180' title='bbox 272 2206 338 2268; x_wconf 86' lang='lat' dir='ltr'>XL.</span> <span class='ocrx_word' id='word_1_181' title='bbox 365 2206 513 2288; x_wconf 85' lang='lat' dir='ltr'>Deinceps</span> <span class='ocrx_word' id='word_1_182' title='bbox 533 2209 569 2266; x_wconf 90' lang='lat' dir='ltr'>de</span> <span class='ocrx_word' id='word_1_183' title='bbox 587 2208 690 2267; x_wconf 84' lang='lat' dir='ltr'>ordine</span> <span class='ocrx_word' id='word_1_184' title='bbox 711 2228 807 2266; x_wconf 89' lang='lat' dir='ltr'>rerum</span> <span class='ocrx_word' id='word_1_185' title='bbox 825 2207 856 2268; x_wconf 68' lang='grc' dir='ltr'>ὃ(</span> <span class='ocrx_word' id='word_1_186' title='bbox 873 2223 1039 2287; x_wconf 87' lang='lat' dir='ltr'>temporum</span> <span class='ocrx_word' id='word_1_187' title='bbox 1052 2227 1127 2286; x_wconf 47' lang='lat' dir='ltr'>,op-</span> 
     </span>
     <span class='ocr_line' id='line_1_24' title="bbox 183 2286 1127 2369; baseline -0.003 -19"><span class='ocrx_word' id='word_1_188' title='bbox 183 2287 195 2366; x_wconf 58' lang='lat' dir='ltr'>‚l</span> <span class='ocrx_word' id='word_1_189' title='bbox 236 2290 413 2369; x_wconf 84' lang='lat' dir='ltr'>portunitate</span> <span class='ocrx_word' id='word_1_190' title='bbox 434 2288 589 2348; x_wconf 88' lang='lat' dir='ltr'>dicendum</span> <span class='ocrx_word' id='word_1_191' title='bbox 614 2288 664 2349; x_wconf 88' lang='lat' dir='ltr'>est.</span> <span class='ocrx_word' id='word_1_192' title='bbox 690 2286 870 2347; x_wconf 75' lang='lat' dir='ltr'>Haeaurem</span> <span class='ocrx_word' id='word_1_193' title='bbox 898 2288 1016 2347; x_wconf 69' lang='lat' dir='ltr'>lcient&#39;rd</span> <span class='ocrx_word' id='word_1_194' title='bbox 1035 2290 1127 2347; x_wconf 90' lang='lat' dir='ltr'>conti·</span> 
     </span>
     <span class='ocr_line' id='line_1_25' title="bbox 183 2367 1126 2450; baseline -0.001 -20"><span class='ocrx_word' id='word_1_195' title='bbox 183 2373 194 2438; x_wconf 66' lang='grc' dir='ltr'>ὲ</span> <span class='ocrx_word' id='word_1_196' title='bbox 236 2388 315 2430; x_wconf 81' lang='lat' dir='ltr'>uetur</span> <span class='ocrx_word' id='word_1_197' title='bbox 326 2391 382 2440; x_wconf 88' lang='lat' dir='ltr'>ea,</span> <span class='ocrx_word' id='word_1_198' title='bbox 400 2391 485 2450; x_wconf 85' lang='lat' dir='ltr'>quam</span> <span class='ocrx_word' id='word_1_199' title='bbox 498 2367 595 2429; x_wconf 88' lang='lat' dir='ltr'>Graeci</span> <span class='ocrx_word' id='word_1_200' title='bbox 613 2367 760 2446; x_wconf 63' lang='grc' dir='ltr'>ἐπαξίαν</span> <span class='ocrx_word' id='word_1_201' title='bbox 775 2372 926 2428; x_wconf 88' lang='lat' dir='ltr'>nominant</span> <span class='ocrx_word' id='word_1_202' title='bbox 940 2391 950 2441; x_wconf 92' lang='lat'>;</span> <span class='ocrx_word' id='word_1_203' title='bbox 968 2390 1027 2428; x_wconf 90' lang='lat' dir='ltr'>non</span> <span class='ocrx_word' id='word_1_204' title='bbox 1041 2371 1126 2439; x_wconf 85' lang='lat' dir='ltr'>haec,</span> 
     </span>
     <span class='ocr_line' id='line_1_26' title="bbox 183 2447 1125 2531; baseline 0 -22"><span class='ocrx_word' id='word_1_205' title='bbox 183 2447 188 2496; x_wconf 70' lang='lat' dir='ltr'>i</span> <span class='ocrx_word' id='word_1_206' title='bbox 236 2472 320 2531; x_wconf 84' lang='lat' dir='ltr'>quam</span> <span class='ocrx_word' id='word_1_207' title='bbox 334 2498 341 2521; x_wconf 92' lang='lat'>,</span> <span class='ocrx_word' id='word_1_208' title='bbox 355 2453 579 2528; x_wconf 89' lang='lat' dir='ltr'>interpretamur</span> <span class='ocrx_word' id='word_1_209' title='bbox 590 2450 781 2519; x_wconf 86' lang='lat' dir='ltr'>modestiam,</span> <span class='ocrx_word' id='word_1_210' title='bbox 801 2454 900 2530; x_wconf 90' lang='lat' dir='ltr'>quoin</span> <span class='ocrx_word' id='word_1_211' title='bbox 912 2453 1005 2510; x_wconf 91' lang='lat' dir='ltr'>verbo</span> <span class='ocrx_word' id='word_1_212' title='bbox 1018 2452 1125 2509; x_wconf 85' lang='lat' dir='ltr'>modus</span> 
     </span>
     <span class='ocr_line' id='line_1_27' title="bbox 185 2525 1126 2611; baseline 0.001 -22"><span class='ocrx_word' id='word_1_213' title='bbox 185 2537 187 2542; x_wconf 87' lang='lat'>&#39;</span> <span class='ocrx_word' id='word_1_214' title='bbox 210 2587 212 2592; x_wconf 89' lang='grc'>,</span> <span class='ocrx_word' id='word_1_215' title='bbox 235 2532 322 2593; x_wconf 81' lang='lat' dir='ltr'>inell:</span> <span class='ocrx_word' id='word_1_216' title='bbox 342 2525 394 2591; x_wconf 82' lang='lat' dir='ltr'>&#39;sed</span> <span class='ocrx_word' id='word_1_217' title='bbox 408 2532 455 2590; x_wconf 87' lang='lat' dir='ltr'>illa</span> <span class='ocrx_word' id='word_1_218' title='bbox 469 2528 622 2610; x_wconf 73' lang='grc' dir='ltr'>ἐυταξία,</span> <span class='ocrx_word' id='word_1_219' title='bbox 640 2533 667 2588; x_wconf 90' lang='lat' dir='ltr'>in</span> <span class='ocrx_word' id='word_1_220' title='bbox 681 2553 736 2611; x_wconf 88' lang='lat' dir='ltr'>qua</span> <span class='ocrx_word' id='word_1_221' title='bbox 750 2534 917 2610; x_wconf 78' lang='lat' dir='ltr'>intelligitur</span> <span class='ocrx_word' id='word_1_222' title='bbox 930 2532 1039 2589; x_wconf 86' lang='lat' dir='ltr'>ordinis</span> <span class='ocrx_word' id='word_1_223' title='bbox 1052 2552 1126 2590; x_wconf 90' lang='lat' dir='ltr'>con·</span> 
     </span>
     <span class='ocr_line' id='line_1_28' title="bbox 187 2608 1126 2693; baseline 0.001 -23"><span class='ocrx_word' id='word_1_224' title='bbox 187 2661 189 2670; x_wconf 93' lang='lat'><em>.</em></span> <span class='ocrx_word' id='word_1_225' title='bbox 235 2610 369 2673; x_wconf 81' lang='lat' dir='ltr'>servatio.</span> <span class='ocrx_word' id='word_1_226' title='bbox 389 2611 512 2693; x_wconf 88' lang='lat' dir='ltr'>ltaque,</span> <span class='ocrx_word' id='word_1_227' title='bbox 537 2632 567 2670; x_wconf 88' lang='lat' dir='ltr'>ut</span> <span class='ocrx_word' id='word_1_228' title='bbox 580 2613 713 2670; x_wconf 80' lang='lat' dir='ltr'>eamdem</span> <span class='ocrx_word' id='word_1_229' title='bbox 731 2623 785 2671; x_wconf 85' lang='lat' dir='ltr'>rios</span> <span class='ocrx_word' id='word_1_230' title='bbox 806 2608 978 2671; x_wconf 78' lang='lat' dir='ltr'>modestiam</span> <span class='ocrx_word' id='word_1_231' title='bbox 991 2612 1126 2691; x_wconf 87' lang='lat' dir='ltr'>appelle·</span> 
     </span>
     <span class='ocr_line' id='line_1_29' title="bbox 187 2690 1127 2768; baseline 0 -16"><span class='ocrx_word' id='word_1_232' title='bbox 187 2701 192 2744; x_wconf 80' lang='lat' dir='ltr'>&#39;t</span> <span class='ocrx_word' id='word_1_233' title='bbox 228 2713 296 2754; x_wconf 78' lang='lat' dir='ltr'>tuus</span> <span class='ocrx_word' id='word_1_234' title='bbox 317 2738 327 2768; x_wconf 94' lang='lat'>,</span> <span class='ocrx_word' id='word_1_235' title='bbox 349 2694 391 2752; x_wconf 83' lang='lat' dir='ltr'>sic</span> <span class='ocrx_word' id='word_1_236' title='bbox 410 2692 578 2751; x_wconf 85' lang='lat' dir='ltr'>delinitura</span> <span class='ocrx_word' id='word_1_237' title='bbox 600 2690 776 2763; x_wconf 84' lang='lat' dir='ltr'>Stoicis,..ut</span> <span class='ocrx_word' id='word_1_238' title='bbox 796 2692 937 2754; x_wconf 81' lang='lat' dir='ltr'>modestia</span> <span class='ocrx_word' id='word_1_239' title='bbox 956 2696 991 2752; x_wconf 82' lang='lat' dir='ltr'>sit</span> <span class='ocrx_word' id='word_1_240' title='bbox 1009 2693 1127 2752; x_wconf 75' lang='lat' dir='ltr'>scientia</span> 
     </span>
     <span class='ocr_line' id='line_1_30' title="bbox 189 2774 1127 2854; baseline -0.001 -21"><span class='ocrx_word' id='word_1_241' title='bbox 189 2799 194 2844; x_wconf 86' lang='grc'><em>;</em></span> <span class='ocrx_word' id='word_1_242' title='bbox 235 2792 330 2834; x_wconf 82' lang='lat' dir='ltr'>earum</span> <span class='ocrx_word' id='word_1_243' title='bbox 350 2794 469 2844; x_wconf 90' lang='lat' dir='ltr'>rerum,</span> <span class='ocrx_word' id='word_1_244' title='bbox 494 2794 558 2854; x_wconf 81' lang='lat' dir='ltr'>quae</span> <span class='ocrx_word' id='word_1_245' title='bbox 579 2793 718 2852; x_wconf 82' lang='lat' dir='ltr'>agentur,</span> <span class='ocrx_word' id='word_1_246' title='bbox 738 2794 784 2833; x_wconf 93' lang='lat' dir='ltr'>aut</span> <span class='ocrx_word' id='word_1_247' title='bbox 802 2777 955 2846; x_wconf 86' lang='lat' dir='ltr'>dicentur,</span> <span class='ocrx_word' id='word_1_248' title='bbox 985 2774 1053 2844; x_wconf 82' lang='lat' dir='ltr'>loco</span> <span class='ocrx_word' id='word_1_249' title='bbox 1074 2775 1127 2833; x_wconf 85' lang='lat' dir='ltr'>sno</span> 
     </span>
     <span class='ocr_line' id='line_1_31' title="bbox 189 2856 1126 2933; baseline 0 -17"><span class='ocrx_word' id='word_1_250' title='bbox 189 2861 192 2908; x_wconf 80' lang='grc' dir='ltr'>ἶ</span> <span class='ocrx_word' id='word_1_251' title='bbox 236 2857 471 2916; x_wconf 84' lang='lat' dir='ltr'>collocandarum</span> <span class='ocrx_word' id='word_1_252' title='bbox 497 2878 504 2913; x_wconf 72' lang='grc' dir='ltr'>ς</span> <span class='ocrx_word' id='word_1_253' title='bbox 526 2857 623 2932; x_wconf 86' lang='lat' dir='ltr'>itaque</span> <span class='ocrx_word' id='word_1_254' title='bbox 642 2856 759 2933; x_wconf 81' lang='lat' dir='ltr'>videtur</span> <span class='ocrx_word' id='word_1_255' title='bbox 784 2857 887 2913; x_wconf 84' lang='lat' dir='ltr'>eadem</span> <span class='ocrx_word' id='word_1_256' title='bbox 903 2857 947 2913; x_wconf 78' lang='lat' dir='ltr'>vis</span> <span class='ocrx_word' id='word_1_257' title='bbox 969 2856 1126 2916; x_wconf 81' lang='lat' dir='ltr'>ordinis&amp;</span> 
     </span>
     <span class='ocr_line' id='line_1_32' title="bbox 189 2934 1128 3014; baseline -0.002 -20"><span class='ocrx_word' id='word_1_258' title='bbox 189 3001 195 3014; x_wconf 94' lang='lat'>.</span> <span class='ocrx_word' id='word_1_259' title='bbox 237 2936 436 2997; x_wconf 85' lang='lat' dir='ltr'>collocationis</span> <span class='ocrx_word' id='word_1_260' title='bbox 450 2935 524 2993; x_wconf 84' lang='lat' dir='ltr'>fore.</span> <span class='ocrx_word' id='word_1_261' title='bbox 537 2935 611 2994; x_wconf 89' lang='lat' dir='ltr'>Narn</span> <span class='ocrx_word' id='word_1_262' title='bbox 627 2937 657 2995; x_wconf 90' lang='lat'>&amp;</span> <span class='ocrx_word' id='word_1_263' title='bbox 669 2935 802 2994; x_wconf 89' lang='lat' dir='ltr'>ordinem</span> <span class='ocrx_word' id='word_1_264' title='bbox 813 2938 853 2995; x_wconf 89' lang='lat' dir='ltr'>sic</span> <span class='ocrx_word' id='word_1_265' title='bbox 867 2934 1028 3006; x_wconf 79' lang='lat' dir='ltr'>deliniunt,</span> <span class='ocrx_word' id='word_1_266' title='bbox 1042 2955 1128 2995; x_wconf 60' lang='lat' dir='ltr'>como</span> 
     </span>
     <span class='ocr_line' id='line_1_33' title="bbox 189 3017 1126 3095; baseline 0 -18"><span class='ocrx_word' id='word_1_267' title='bbox 189 3017 192 3024; x_wconf 80' lang='lat'>&#39;</span> <span class='ocrx_word' id='word_1_268' title='bbox 238 3021 413 3095; x_wconf 81' lang='lat' dir='ltr'>positionem</span> <span class='ocrx_word' id='word_1_269' title='bbox 431 3037 525 3075; x_wconf 89' lang='lat' dir='ltr'>rerum</span> <span class='ocrx_word' id='word_1_270' title='bbox 545 3019 618 3095; x_wconf 82' lang='lat' dir='ltr'>aptis</span> <span class='ocrx_word' id='word_1_271' title='bbox 633 3018 664 3075; x_wconf 74' lang='grc' dir='ltr'>δι</span> <span class='ocrx_word' id='word_1_272' title='bbox 677 3018 905 3076; x_wconf 79' lang='lat' dir='ltr'>accommodatis</span> <span class='ocrx_word' id='word_1_273' title='bbox 918 3018 1008 3077; x_wconf 84' lang='lat' dir='ltr'>locis:</span> <span class='ocrx_word' id='word_1_274' title='bbox 1025 3018 1126 3082; x_wconf 86' lang='lat' dir='ltr'>locunt</span> 
     </span>
     <span class='ocr_line' id='line_1_34' title="bbox 189 3096 1125 3175; baseline 0.002 -19"><span class='ocrx_word' id='word_1_275' title='bbox 189 3159 192 3164; x_wconf 74' lang='grc'>,</span> <span class='ocrx_word' id='word_1_276' title='bbox 239 3116 331 3158; x_wconf 80' lang='lat' dir='ltr'>autem</span> <span class='ocrx_word' id='word_1_277' title='bbox 347 3098 491 3168; x_wconf 68' lang='lat' dir='ltr'>adilonis,</span> <span class='ocrx_word' id='word_1_278' title='bbox 511 3100 759 3175; x_wconf 82' lang='lat' dir='ltr'>opportunitatem</span> <span class='ocrx_word' id='word_1_279' title='bbox 771 3101 916 3174; x_wconf 76' lang='lat' dir='ltr'>temporis</span> <span class='ocrx_word' id='word_1_280' title='bbox 928 3096 984 3157; x_wconf 86' lang='lat' dir='ltr'>elle</span> <span class='ocrx_word' id='word_1_281' title='bbox 1002 3098 1125 3158; x_wconf 79' lang='lat' dir='ltr'>dicunt:</span> 
     </span>
     <span class='ocr_line' id='line_1_35' title="bbox 239 3175 1126 3261; baseline -0.001 -25"><span class='ocrx_word' id='word_1_282' title='bbox 239 3194 350 3261; x_wconf 79' lang='lat' dir='ltr'>tempus</span> <span class='ocrx_word' id='word_1_283' title='bbox 366 3198 462 3237; x_wconf 88' lang='lat' dir='ltr'>autem</span> <span class='ocrx_word' id='word_1_284' title='bbox 474 3177 591 3236; x_wconf 62' lang='lat' dir='ltr'>adilonis</span> <span class='ocrx_word' id='word_1_285' title='bbox 607 3197 824 3257; x_wconf 86' lang='lat' dir='ltr'>opportunum,</span> <span class='ocrx_word' id='word_1_286' title='bbox 843 3175 947 3237; x_wconf 62' lang='lat' dir='ltr'>Gracc</span> <span class='ocrx_word' id='word_1_287' title='bbox 965 3175 1126 3256; x_wconf 68' lang='grc' dir='ltr'>ἑυκαιριἀ,</span> 
     </span>
     <span class='ocr_line' id='line_1_36' title="bbox 187 3256 1124 3339; baseline -0.001 -21"><span class='ocrx_word' id='word_1_288' title='bbox 187 3291 192 3318; x_wconf 68' lang='lat' dir='ltr'>r</span> <span class='ocrx_word' id='word_1_289' title='bbox 240 3256 336 3320; x_wconf 70' lang='lat' dir='ltr'>latine</span> <span class='ocrx_word' id='word_1_290' title='bbox 357 3259 521 3339; x_wconf 84' lang='lat' dir='ltr'>appellatur</span> <span class='ocrx_word' id='word_1_291' title='bbox 537 3261 655 3318; x_wconf 85' lang='lat' dir='ltr'>occasio.</span> <span class='ocrx_word' id='word_1_292' title='bbox 680 3258 725 3317; x_wconf 88' lang='lat' dir='ltr'>Sic</span> <span class='ocrx_word' id='word_1_293' title='bbox 743 3258 803 3328; x_wconf 86' lang='lat' dir='ltr'>fit,</span> <span class='ocrx_word' id='word_1_294' title='bbox 827 3277 857 3316; x_wconf 91' lang='lat' dir='ltr'>ut</span> <span class='ocrx_word' id='word_1_295' title='bbox 878 3257 1020 3317; x_wconf 83' lang='lat' dir='ltr'>modestia</span> <span class='ocrx_word' id='word_1_296' title='bbox 1041 3258 1124 3328; x_wconf 70' lang='lat' dir='ltr'>ltaec‘,</span> 
     </span>
     <span class='ocr_line' id='line_1_37' title="bbox 239 3337 1128 3420; baseline -0.004 -21"><span class='ocrx_word' id='word_1_297' title='bbox 239 3360 319 3420; x_wconf 86' lang='lat' dir='ltr'>quam</span> <span class='ocrx_word' id='word_1_298' title='bbox 330 3343 371 3400; x_wconf 87' lang='lat' dir='ltr'>ita</span> <span class='ocrx_word' id='word_1_299' title='bbox 383 3344 622 3420; x_wconf 84' lang='lat' dir='ltr'>interpretamur,</span> <span class='ocrx_word' id='word_1_300' title='bbox 635 3357 665 3397; x_wconf 91' lang='lat' dir='ltr'>ut</span> <span class='ocrx_word' id='word_1_301' title='bbox 677 3340 736 3397; x_wconf 86' lang='lat' dir='ltr'>dixi</span> <span class='ocrx_word' id='word_1_302' title='bbox 748 3385 755 3408; x_wconf 84' lang='lat'>,</span> <span class='ocrx_word' id='word_1_303' title='bbox 769 3338 884 3397; x_wconf 84' lang='lat' dir='ltr'>scientia</span> <span class='ocrx_word' id='word_1_304' title='bbox 899 3343 934 3399; x_wconf 88' lang='lat' dir='ltr'>sit</span> <span class='ocrx_word' id='word_1_305' title='bbox 952 3337 1128 3420; x_wconf 73' lang='lat' dir='ltr'>opportuni·</span> 
     </span>
     <span class='ocr_line' id='line_1_38' title="bbox 187 3419 1113 3501; baseline -0.008 -18"><span class='ocrx_word' id='word_1_306' title='bbox 187 3419 189 3430; x_wconf 80' lang='lat'>&#39;</span> <span class='ocrx_word' id='word_1_307' title='bbox 241 3422 877 3501; x_wconf 79' lang='lat' dir='ltr'>tatisidoneorumadagendumtemporum.</span> <span class='ocrx_word' id='word_1_308' title='bbox 1109 3485 1113 3492; x_wconf 30' lang='grc' dir='ltr'><strong><em>Ι</em></strong></span> 
     </span>
     <span class='ocr_line' id='line_1_39' title="bbox 246 3495 1173 3643; baseline -0.001 -78"><span class='ocrx_word' id='word_1_309' title='bbox 246 3499 248 3508; x_wconf 81' lang='lat'>&#39;</span> <span class='ocrx_word' id='word_1_310' title='bbox 291 3509 360 3587; x_wconf 77' lang='lat'>143.¹</span> <span class='ocrx_word' id='word_1_311' title='bbox 375 3501 434 3567; x_wconf 75' lang='lat' dir='ltr'>Sed</span> <span class='ocrx_word' id='word_1_312' title='bbox 449 3500 558 3585; x_wconf 75' lang='lat' dir='ltr'>&#39;potell</span> <span class='ocrx_word' id='word_1_313' title='bbox 585 3502 689 3567; x_wconf 79' lang='lat' dir='ltr'>eadem</span> <span class='ocrx_word' id='word_1_314' title='bbox 707 3499 764 3563; x_wconf 79' lang='lat' dir='ltr'>elle</span> <span class='ocrx_word' id='word_1_315' title='bbox 786 3501 955 3643; x_wconf 72' lang='lat' dir='ltr'>prudentieC</span> <span class='ocrx_word' id='word_1_316' title='bbox 969 3495 1125 3575; x_wconf 82' lang='lat' dir='ltr'>definitio,</span> <span class='ocrx_word' id='word_1_317' title='bbox 1170 3548 1173 3551; x_wconf 82' lang='lat'>-</span> 
     </span>
     <span class='ocr_line' id='line_1_40' title="bbox 456 3604 994 3645; baseline 0 0"><span class='ocrx_word' id='word_1_318' title='bbox 456 3617 462 3628; x_wconf 70' lang='lat'>,</span> <span class='ocrx_word' id='word_1_319' title='bbox 974 3604 994 3645; x_wconf 84' lang='lat' dir='ltr'>v</span> 
     </span>
    </p>
   </div>
   <div class='ocr_carea' id='block_1_2' title="bbox 0 0 1414 4267">
    <p class='ocr_par' dir='ltr' id='par_1_2' title="bbox 0 0 1414 4267">
     <span class='ocr_line' id='line_1_41' title="bbox 0 0 1414 4267; baseline 0 1"><span class='ocrx_word' id='word_1_320' title='bbox 0 0 1414 4267; x_wconf 95' lang='lat' dir='ltr'> </span> 
     </span>
    </p>
   </div>
  </div>
 </body>
</html>
