2817 4267
556 419 736 484 Lraratt
774 417 817 485 V.
1057 435 1116 503 „r

237 553 303 597 mus
323 528 524 611 voluptatem,
541 528 581 588 sie
591 529 659 595 iicet
670 526 769 587 surdos
782 527 818 587 ad
828 526 981 588 oculorum
992 546 1001 588 r
1013 529 1123 588 etenim
1170 577 1172 582 .

205 650 211 661 .
238 618 289 696 qui
300 614 394 675 secum
406 613 486 692 loqui
500 597 798 691 poterit,sermonem
812 609 929 670 alterius
944 629 1004 671 nott
1023 611 1124 689 requi·
1177 601 1180 607 ’

239 717 297 757 ret.
324 693 527 775 Congerantur
550 694 578 751 in
601 711 689 751 unum
709 695 834 751 omnia:
863 709 895 751 ut
912 693 991 753 idirm
1007 693 1123 764 oculis,

239 781 275 840 &
288 779 402 836 auribus
420 789 520 855 captus
533 774 589 833 sit:
609 791 755 854 prematur
770 774 857 834 etiam
873 773 1024 834 doloribus
1041 793 1124 834 acer·

239 862 322 920 rimis
348 862 501 938 corporis:
525 858 574 935 qui
598 855 724 935 primum
743 875 795 936 per
820 855 849 917 se
870 857 926 938 ipai
951 857 1061 940 plerum
1085 873 1125 915 ue

240 938 402 1000 conficiunt
416 939 583 999 hominem:
600 938 644 996 stin
655 935 731 998 forte
750 937 958 1020 longinquitate
964 877 1125 1078 produgi,
1180 931 1183 938 ’

241 1023 447 1082 vehementius
464 1039 560 1079 tamen
578 1035 733 1099 torquent,
749 1017 837 1100 quim
859 1033 890 1079 ut
910 1039 991 1079 caua
1024 1019 1063 1078 rit
1075 1038 1126 1077 cur

241 1103 393 1164 fetantur:
419 1098 546 1182 quidest
565 1100 707 1169 taudem,¹
726 1099 765 1159 dii
784 1099 873 1161 boni!
901 1101 980 1182 quod
1008 1097 1127 1159 iabore-
1183 1151 1186 1157 .

244 1184 334 1244 mus?
354 1197 455 1264 portus
472 1184 550 1242 enim
569 1180 671 1259 praeiib
683 1178 745 1253 est,
765 1182 904 1261 quoniam
917 1201 997 1242 mors
1014 1181 1127 1241 ibidem

245 1264 288 1325 est
301 1311 308 1334 ,
319 1283 457 1323 aeternum
470 1263 541 1322 nihil
559 1262 690 1323 sentienti
707 1281 774 1321 rece
797 1263 934 1323 taculum.
949 1261 1133 1323 Theodorus
1200 1329 1203 1340 ‚

245 1347 426 1424 Lysimacho
446 1359 571 1405 mortem
585 1344 745 1415 minitanri;
763 1284 898 1425 §agnum
918 1344 999 1417 veri,
1019 1346 1129 1423 inquit,

245 1426 370 1509 effecisti,
382 1429 409 1486 si
420 1449 439 1505 3
456 1426 624 1486 cantharidis
634 1427 690 1486 vim
702 1424 860 1506 consecutus
872 1447 910 1485 es.
927 1425 1029 1486 Paulus
1040 1423 1131 1486 Persae

247 1510 417 1589 deprecanti
434 1527 471 1567 ue
482 1511 510 1566 in
521 1508 667 1588 triumpho
677 1507 853 1580 duceretur,
867 1507 900 1567 In
911 1525 959 1567 tua
969 1511 1016 1581 id,
1025 1507 1131 1587 inquit,

244 1593 373 1673 potestate
393 1592 436 1671 est.
469 1589 566 1649 Muita
592 1588 772 1671 primodie,
801 1589 867 1649 citm
890 1588 928 1650 de
952 1588 1011 1670 ipsa
1033 1605 1131 1648 morte
1201 1621 1207 1629 -

248 1691 463 1752 quaereremu23
482 1692 542 1731 non
558 1691 648 1751 pauca
667 1670 754 1732 etiam
773 1668 911 1750 postero,
945 1673 1011 1732 citm
1030 1689 1133 1753 agere·

249 1752 343 1822 turde
357 1752 481 1820 dolore,
502 1752 564 1811 sunt
587 1751 661 1812 diua
680 1752 719 1812 de
737 1770 854 1812 morte:
874 1771 939 1833 qura
961 1753 1010 1834 qui
1032 1771 1133 1811 recor·

249 1837 356 1903 detur,
375 1833 452 1891 haud
471 1832 536 1891 sane
551 1830 782 1912 periculumest',
807 1849 844 1893 ne
861 1852 920 1892 non
941 1849 1069 1892 mortem
1081 1847 1132 1892 aut

250 1914 430 1997 optandam,
456 1931 504 1973 aut
520 1914 601 1974 certe
623 1925 683 1974 tion
701 1914 860 1974 timendam
878 1929 973 1993 putet.

291 1995 369 2070 XLI.
393 1993 469 2054 Mihi
487 1995 617 2076 quidem'
632 1997 662 2055 in
686 1998 747 2056 vita
779 1993 917 2056 servanda
943 1994 1059 2056 videtur
1082 1993 1135 2055 itta

251 2079 317 2153 lex,
337 2098 401 2159 quae
419 2077 448 2135 itt
471 2073 643 2137 Graecorum
657 2077 801 2138 conviviis
818 2078 988 2149 obtinetur,
1009 2080 1070 2137 Aut
1088 2077 1134 2134 ti-

250 2163 314 2230 bae,
336 2155 524 2239 inquit,'aur
546 2160 636 2219 abeat.
663 2157 699 2218 Et
724 2155 809 2219 rede.
840 2157 900 2218 Aut
926 2161 1003 2219 enim
1024 2157 1134 2218 ituatur

252 2243 354 2322 aiiquis
376 2242 484 2322 pariter
506 2259 572 2299 cum
590 2239 651 2299 aliis
670 2239 821 2320 voluptate
841 2241 984 2320 potandi:
1006 2255 1072 2312 aur,
1095 2245 1136 2298 u'e

252 2323 364 2385 sobrius
382 2325 411 2381 in
431 2320 599 2381 violentiam
615 2321 831 2384 vinolentorum
843 2321 968 2395 incidat,
990 2321 1057 2381 ante
1077 2318 1137 2379 dis·

253 2404 350 2465 cedat.
365 2400 410 2461 Sic
425 2400 541 2479 injurias
555 2401 697 2475 fortunae,
716 2415 786 2483 qu'as
797 2400 874 2462 ferre
889 2419 1033 2484 nequeas,
1052 2400 1137 2461 defu·

253 2486 362 2567 giendo
380 2483 533 2564 relinquas.
550 2504 560 2543 t
575 2482 647 2543 Haec
666 2482 789 2554 eadem,
831 2504 874 2543 uae
890 2481 1048 2565 Epicurus,
1064 2484 1137 2543 toti·

254 2570 324 2641 dem
342 2566 439 2626 verbis
457 2566 526 2626 dicit
546 2565 578 2625 δι
596 2564 795 2626 Hieronimus.
809 2505 904 2646 &uod
923 2567 985 2625 aiii
1006 2563 1136 2645 philoso-

252 2641 322 2729 phi,
344 2667 468 2727 quorum
489 2666 522 2706 ea
546 2644 684 2705 sententia
702 2643 767 2715 est,
787 2649 818 2706 ui
837 2648 927 2705 virtus
952 2666 1003 2725 per
1024 2645 1054 2705 se
1074 2645 1136 2725 ipsa

253 2729 327 2789 nihii
342 2728 455 2798 valeat,
475 2748 623 2808 omneque
644 2727 724 2809 quod
749 2726 899 2787 honesturn
924 2726 996 2794 nus,
1014 2727 1051 2804 ⁴&
1076 2727 1137 2785 lau·

254 2807 353 2870 dabiie
365 2806 420 2866 eisc
434 2809 575 2880 dicimus,
598 2810 628 2869 id
639 2810 682 2869 illi
702 2807 807 2869 casium
830 2808 989 2891 quiddam,
1009 2809 1041 2869 &
1060 2810 1137 2867 inani

196 2897 200 2904 '
254 2891 340 2950 vocis
358 2887 429 2949 sono
448 2889 618 2951 decoratum
638 2888 694 2952 esse
716 2891 832 2950 dicant:
855 2892 887 2952 &
906 2908 1004 2949 tamen
1023 2887 1137 2968 semper

254 2974 373 3033 beatum
388 2967 445 3032 effe
462 2970 578 3031 censent
593 2971 620 3031 sa
643 2974 770 3032 ientem:
791 2971 860 3052 quid
872 2972 988 3034 tandem
1003 2990 1020 3028 2
1041 2969 1058 3029 ir
1085 2968 1138 3029 So-
1205 2977 1210 2982 “

255 3073 355 3128 crate,
372 3054 404 3115 &
424 3051 545 3112 Platone
558 2995 694 3134 prodiens
707 3054 887 3136 philosophis
906 3052 1069 3113 faciendum
1083 3072 1138 3133 pu·

256 3209 317 3248 nour
331 3195 465 3247 consoiions
486 3195 501 3246 ii
522 3197 560 3262 n’y
580 3212 592 3248 a
615 3198 683 3263 qu’un
717 3198 761 3262 der
777 3197 936 3248 Cantharides.

256 3273 362 3312 monent
374 3262 407 3312 ies
416 3260 528 3327 aveugler
538 3277 579 3327 prr
593 3262 615 3313 ie
624 3263 682 3326 plai-
749 3279 759 3313 1
771 3263 826 3312 Hac
835 3266 928 3323 eadem,
944 3261 1140 3314 &uliidtoninre

257 3325 284 3376 fir
295 3326 324 3375 de
338 3326 423 3386 i'ouie,
440 3340 499 3377 nous
511 3341 620 3391 pouvons
631 3328 683 3379 ruffi
715 3327 795 3391 repete
806 3340 855 3378 ntot
871 3342 930 3395 pour
941 3340 990 3381 mut
1005 3344 1033 3380 ce
1044 3329 1141 3394 irngrge

256 3390 367 3443 consoler
381 3391 415 3443 iet
430 3390 511 3442 sourds
521 3407 563 3457 prr
573 3392 634 3444 celui
652 3393 682 3446 de
715 3394 848 3459 d'Epicnte.

257 3457 280 3507 ia
292 3471 349 3507 rue.
749 3456 1143 3519 2ASocrcrre,&c.i.esPhiloio-

292 3534 304 3580 ³
328 3520 490 3572 cantharidis.
514 3520 559 3572 Les
579 3520 683 3574 Anticus
732 3525 773 3574 hes
789 3524 910 3580 sciturum
922 3525 952 3578 de
962 3524 1058 3578 Socrate
1073 3523 1142 3578 &de

257 3587 422 3653 composuient
442 3601 472 3639 uu
491 3585 575 3653 poison
597 3586 628 3640 du
644 3586 683 3642 suc
725 3588 810 3643 ’inum
