2817 4267
199 433 208 448 .
531 384 711 445 Lim
752 378 776 443 1.
1021 381 1100 465 ¹²87
1194 411 1198 419 ·

213 464 355 529 dentium.
383 466 461 528 Nam
485 466 535 547 qui
563 464 591 524 se
614 464 747 524 humanis
773 460 853 523 vitiis
880 466 1107 529 contaminavis-

214 544 296 621 sent,
315 552 348 609 &
368 546 396 608 se
414 566 493 608 totos
512 547 678 607 libidinibus
692 541 858 617 dediticii,
888 545 992 686 ?uibus
1015 571 1106 610 caeca·

215 630 238 686 ti
248 676 260 700 2
279 632 362 689 velut
377 628 543 691 domesticis
560 631 638 689 vitiis
654 646 741 705 atque
754 626 869 708 flagitiis
900 629 1107 710 einquinavis-

215 708 301 782 sent,
336 712 384 770 vel
407 714 436 770 in
458 710 622 791 Republica
640 706 778 768 violandi
800 707 913 770 fraudes
942 712 1107 792 inexpiabi-

215 791 260 852 les
284 789 499 872 concepiffent‚
517 794 561 852 his
582 791 702 852 devium
724 788 874 871 quoddam
891 793 947 853 iter
964 792 1039 867 effe,
1061 795 1108 856 se·
1194 845 1197 850 .

188 872 330 934 .''clnsnm
342 872 358 931 ὲ
371 876 496 936 concilio
513 875 653 944 deornm:
676 873 727 953 qui
745 890 842 931 autem
860 870 890 933 se
908 876 1036 955 integros
1048 876 1109 939 cas·

186 977 190 982 ·
215 952 321 1034 tosque
337 953 542 1027 servavissent,
554 952 715 1036 quibusque
725 950 820 1013 fuisset
832 949 952 1015 minima
961 977 1027 1018 cnm
1041 980 1110 1021 cor·

217 1035 339 1118 poribus
354 1042 513 1119 contagio,
533 1036 649 1118 scieque
671 1040 707 1094 ab
720 1035 765 1095 his
780 1034 893 1115 semper
912 1037 1111 1116 sevocassent,

207 1114 367 1199 ess'entqne
389 1122 418 1179 in
444 1120 615 1201 corporibus
636 1118 768 1176 humanit
793 1119 882 1177 vitam
911 1119 1013 1179 imitati
1036 1122 1111 1184 deo·

218 1219 305 1272 rum,
329 1200 372 1259 his
391 1200 428 1260 ad
446 1202 535 1274 illos,
556 1199 690 1281 {quibus
707 1196 796 1258 effent
817 1198 958 1278 proficii,
982 1202 1111 1266 reditum

221 1278 468 1362 facilemipatere·
490 1279 595 1363 ltaque
620 1298 852 1351 commemorat,
892 1300 922 1341 ut
950 1304 962 1343 1
985 1289 1113 1366 cygnis,

221 1363 352 1443 quinon
379 1367 441 1423 sine
461 1364 542 1422 causa
560 1360 692 1440 Apollini
704 1364 791 1420 dicati
802 1360 882 1433 sunt,
909 1362 959 1423 sed
977 1367 1058 1445 quod
1075 1367 1114 1430 ab
1189 1404 1191 1408 ·

222 1463 261 1503 eo
283 1465 300 1505 2
323 1435 536 1504 divinationem
561 1444 667 1503 habere
689 1443 861 1517 videantur,
879 1445 936 1525 quai
956 1449 1115 1527 providen-

221 1540 266 1585 tes
288 1525 358 1603 quid
379 1527 408 1585 in
427 1546 521 1588 morte
539 1526 610 1586 boni
633 1528 688 1596 sit,
713 1547 779 1585 cum
801 1543 887 1585 cantu
907 1528 940 1589 δι
959 1528 1115 1609 voluptate
1151 1529 1154 1538 ’

222 1610 403 1680 moriantur3
428 1611 468 1669 sic
491 1608 627 1668 omnibus
650 1608 737 1666 bonis
760 1609 792 1668 ὅ(
813 1606 904 1668 deciis
927 1607 984 1671 effe
998 1608 1115 1673 facien·

222 1687 302 1749 dum.
321 1689 386 1748 Nec
403 1692 474 1750 veri)
491 1691 528 1749 de
547 1690 604 1749 hoc
617 1686 767 1769 quisquam
781 1689 911 1751 dubitare
929 1689 1042 1772 puiset,
1060 1695 1117 1762 niti

219 1769 303 1829 idem
326 1768 409 1828 nobis
428 1772 574 1830 accideret
595 1770 747 1851 diligenter
772 1770 809 1829 de
836 1774 935 1830 animo
956 1776 1117 1855 cogitanti·
1154 1775 1161 1782 ’

219 1850 300 1919 bus,
321 1850 400 1929 qnod
422 1853 456 1909 iis
480 1851 553 1932 saepe
569 1849 618 1908 usn
637 1852 734 1921 venit,
758 1853 807 1930 qui
819 1852 886 1910 citm
905 1854 1009 1915 acriter
1021 1857 1117 1932 oculis

220 1929 413 1993 deficientem
435 1930 526 1993 solem
549 1934 748 2005 intuerentur,
775 1947 807 1991 ut
830 1929 974 2013 aspeflum
993 1940 1117 2009 omnino

221 2016 412 2075 amitterent:
429 2014 469 2073 sic
483 2014 588 2074 mentis
600 2014 676 2073 acies
697 2010 726 2072 se
745 2010 806 2091 ipsa
823 2013 955 2085 intuens,
980 2034 1120 2082 nonnoni.

247 2116 313 2154 uam
341 2093 485 2166 hebescir3
522 2095 562 2155 ob
588 2114 728 2174 eamque
758 2091 870 2153 cansam
898 2099 1121 2179 contemplandi

223 2116 405 2258 ailigentiam
426 2178 583 2237 amittimus
614 2176 716 2255 ltaque
740 2173 894 2249 dubitans,
921 2179 1119 2264 circumspec·

223 2275 312 2332 tans,
340 2260 495 2332 haesitarrs‚
523 2257 613 2318 multa
631 2254 752 2317 adversa
776 2257 950 2334 revertens,
980 2281 1120 2346 tanquam

194 2354 202 2362 “
224 2344 296 2401 ratis
309 2342 338 2399 in
357 2344 427 2401 mari
438 2338 597 2412 immenso,
617 2338 715 2399 nostra
730 2338 844 2398 vehitur
857 2344 962 2401 oratio.
977 2342 1035 2404 Sed
1055 2348 1120 2410 haec

226 2421 263 2483 ἂ
275 2439 395 2491 vetera,
414 2426 443 2485 ὅ(
459 2422 476 2482 ὲ
490 2420 614 2484 Graecis.
635 2442 649 2499 3
668 2417 745 2479 Cato
756 2437 852 2481 autem
868 2424 909 2480 sic
924 2424 1023 2487 abiite
1041 2430 1121 2504 vita,
1161 2457 1165 2462 ·

226 2519 262 2563 ut
283 2503 396 2562 cansam
419 2504 565 2563 moriendi
587 2500 703 2561 tracium
721 2501 750 2561 se
779 2498 838 2561 effe
856 2504 1014 2643 &auderet
1028 2507 1137 2572 Vetat·

226 2588 307 2645 enirn
328 2586 480 2645 dominans
493 2585 540 2644 ille
557 2585 586 2642 in
604 2584 688 2643 nobis
708 2582 780 2641 deus
793 2582 853 2661 inju
879 2606 896 2643 u
918 2589 983 2648 hinc
999 2610 1052 2649 nos
1066 2590 1119 2654 suo

227 2667 414 2745 demigrare:
429 2667 496 2727 cirm
516 2668 589 2725 verb
604 2663 719 2725 causam
738 2662 841 2745 justam
858 2666 930 2727 deus
947 2670 1007 2749 ipse
1028 2671 1122 2735 dede·
1169 2693 1176 2702 “
1203 2681 1207 2686 ’

227 2749 287 2817 rit,
310 2766 341 2807 ut
362 2766 430 2807 tunc
451 2745 582 2820 Socrati,
599 2767 674 2806 nunc
692 2743 821 2817 Catoni,
845 2746 919 2828 saepe
934 2751 1051 2825 multis;
1076 2776 1123 2818 ηρ,

228 2829 280 2889 ille
299 2829 411 2888 medius
431 2826 516 2888 fidius
533 2831 579 2888 vir
601 2828 713 2905 sapiens
735 2828 816 2887 laettrs
838 2850 872 2887 ex
895 2830 936 2890 his
950 2834 1074 2897 tenebris
1090 2841 1123 2899 in

229 2909 329 2972 lucem
348 2911 427 2969 illam
449 2908 608 2970 exceffeiir.
628 2909 691 2969 Nec
708 2928 805 2968 tamen
819 2911 867 2969 itta
885 2916 981 2974 vincla
998 2921 1122 2981 carceris

229 2993 361 3072 ruperim
374 2993 452 3073 leges
472 2996 549 3052 enim
563 3008 683 3070 vetant:
699 2990 749 3050 sed
762 3011 898 3070 tanquam
912 2995 927 3054 ὲ
940 2998 1122 3077 magistratu,

230 3091 282 3135 aut
300 3073 337 3133 ab
355 3074 450 3149 aliqua
470 3072 616 3153 potestate
634 3073 783 3154 legitima,
808 3077 849 3132 sic
872 3074 889 3133 ὲ
910 3076 967 3138 deo
984 3100 1124 3143 evocatus

231 3167 321 3233 atque
340 3152 455 3216 emissus
474 3156 585 3216 exierit.
617 3156 694 3215 Tota·
708 3155 785 3211 enim
804 3154 1025 3239 philosophorum
1041 3164 1122 3238 vita,

232 3252 268 3297 ut
283 3237 321 3296 ait
331 3236 434 3310 idem,
452 3258 473 3311 4
490 3239 681 3297 commentatio
696 3237 789 3294 mortis
806 3239 849 3316 est.

269 3353 280 3388 r
303 3339 398 3405 cygnis.
412 3338 510 3392 Nonnisi
526 3338 588 3405 apud
606 3354 665 3404 poe·
733 3341 828 3401 3Caro.
848 3340 870 3390 lt
887 3342 1011 3396 infeliciter
1029 3346 1126 3401 defensis

232 3401 434 3457 tatsnntcannri.
661 3423 665 3440 ι
691 3402 805 3467 ,Pompeii
834 3407 960 3472 partibus,
991 3410 1070 3477 giadio
1101 3416 1126 3470 se

267 3466 666 3525 2Dirr‘iiationen.1.'attdet0n·
699 3468 823 3521 transfodit
845 3470 929 3527 Uticae.

234 3532 315 3588 nome
333 3532 441 3590 l'avettir.
630 3583 635 3589 ,
732 3536 952 3616 4οοφωιιιιαεὶο.
973 3539 1129 3607 medionon.
