2817 4267
299 420 357 500 178
536 419 608 482 De
648 419 936 486 Senectute.

296 545 382 588 arun
406 543 509 586 ruisse
534 543 657 588 virture.
679 525 790 587 Notum
807 525 849 586 esi
867 545 966 588 totum
984 545 1119 605 carmen,
1135 529 1180 592 in·

295 609 385 670 cisum
407 611 436 666 in
458 604 602 688 sepulcro.
625 607 692 669 Jure
711 608 795 690 igitur
823 611 941 690 gravis,
964 607 1049 684 cuiue
1069 611 1105 671 de
1122 613 1181 672 iau·

296 692 384 752 dibus
404 691 537 750 omnium
560 687 629 750 esset
648 689 725 749 same
741 688 935 751 consentiens.
961 689 1071 771 Quem
1090 693 1182 752 virum

294 771 329 830 P.
340 769 488 842 Crassum,
499 791 593 848 nuper
608 769 779 851 pontificem
793 771 972 833 maximum?
987 793 1078 854 quern
1090 774 1185 854 postea

296 850 342 913 Μ.
363 852 505 932 Lepidum
532 852 640 913 eodem
666 851 829 914 sacerdotio
855 853 1010 933 praeditum
1031 855 1183 924 vidimus?

296 930 382 1011 Quid
403 933 571 1004 des'auio,
594 949 643 993 aut
664 931 806 994 Africano
825 931 950 1016 loquat?
973 951 1041 1006 aut,
1073 953 1106 996 ut
1127 937 1184 1014 jam

295 1031 382 1088 anre,
405 1015 441 1074 de
460 1013 613 1075 Maximo?
637 1033 760 1094 quorum
782 1035 843 1074 non
861 1019 891 1074 in
910 1014 1055 1077 sententia
1075 1015 1184 1092 seium,

295 1093 347 1155 sed
362 1098 449 1155 etiam
460 1098 488 1155 in
505 1115 574 1156 nutu
588 1096 735 1155 residebat
746 1095 911 1157 audioritasss
921 1095 1024 1158 Habet
1034 1095 1162 1158 senesius
1172 1143 1185 1168 ‚

300 1198 314 1258 ς
331 1177 472 1239 honorata
491 1175 659 1257 praesertim,
681 1195 788 1237 tantam
806 1176 1028 1252 audieritatem‚
1050 1195 1084 1239 ut
1109 1198 1144 1239 ea
1163 1181 1182 1242 6

295 1259 387 1341 pluris
409 1262 464 1332 sit,
490 1257 575 1339 quim
595 1273 698 1318 'ornnes
716 1257 918 1318 adolescentia
939 1259 1123 1342 voluptates.

338 1339 450 1400 xvsti.
466 1337 524 1400 Sed
545 1342 669 1400 inomni
688 1342 820 1400 oratione
835 1356 1038 1415 mementote,
1056 1349 1174 1402 eamme

295 1419 414 1482 laudare
437 1419 630 1493 senediutem,
657 1442 721 1502 quae
751 1419 947 1483 fundamentis
980 1423 1180 1484 adolescentie

296 1501 453 1562 constituta
467 1504 524 1578 sit;
542 1526 577 1564 ex
611 1524 649 1562 uo
667 1505 696 1563 id
716 1521 728 1560 1
748 1499 891 1575 efficitur,
913 1503 1024 1584 quode
1046 1526 1066 1567 o
1078 1523 1180 1586 magno

319 1583 446 1642 uondam
474 1605 539 1643 cum
564 1525 669 1643 assensu
697 1585 828 1643 omnium
853 1583 935 1645 dixi:
966 1585 1010 1644 Mi
1026 1605 1107 1646 eram
1126 1583 1180 1644 esse

293 1603 471 1723 senectutem
482 1708 490 1734 ‚
502 1685 564 1744 quae
576 1664 602 1722 se
615 1665 747 1724 oratione
757 1663 936 1725 defenderet.
946 1663 1016 1727 Non
1027 1669 1091 1726 cani
1102 1710 1112 1739 ,
1122 1687 1178 1725 non

293 1763 373 1825 rugae
385 1744 505 1826 repente
516 1743 715 1806 au'dioritarem
725 1747 850 1826 arripere
882 1745 993 1822 ossunt3
1005 1745 1056 1807 sed
1065 1745 1179 1808 honeste

293 1823 356 1886 asia
378 1825 507 1906 superior
524 1845 593 1887 aeras
604 1825 710 1887 studius
722 1829 800 1909 capit
813 1767 989 1889 audbtitatis
1005 1847 1160 1888 extremos.

337 1907 386 1989 63.
410 1907 482 1969 Haec
503 1910 579 1968 enirn
593 1908 652 1988 ipsa
671 1907 941 1982 sunthonorabisia',
959 1929 1025 1990 quae
1044 1912 1179 1972 videntur

294 1989 373 2050 ievia
406 2009 493 2071 atque
513 1992 694 2064 communia,
718 1988 852 2064 salutari,
874 1985 991 2090 theti,
1021 2009 1039 2050 2
1059 1993 1181 2063 decedi,

293 2069 411 2152 assurgi,
430 2072 549 2146 deduci,
578 2073 696 2142 reduci,
723 2069 853 2146 consuli;
875 2091 939 2152 quae
959 2071 1084 2153 &apud
1106 2093 1181 2144 nos,

295 2153 329 2211 ὃ(
352 2154 380 2210 in
395 2153 456 2211 asiis
474 2153 661 2224 civitatibus,
678 2172 709 2213 ut
727 2174 850 2234 quaeque
866 2154 977 2232 optime
993 2172 1123 2230 morata,
1143 2159 1180 2214 ita

293 2232 1186 2314 diligentissimeobservantur.LysandrumLacedaemonium,

293 2310 490 2389 cujusmodi)
514 2317 694 2373 mentionem
714 2313 788 2386 feci,
816 2316 913 2375 dicere
940 2317 1020 2375 aiunt
1043 2315 1180 2387 solitum,

291 2391 534 2452 Lacedaemonem
555 2393 610 2453 esse
624 2394 859 2456 honestissimum
880 2396 1060 2457 domicilium
1083 2397 1181 2458 senec·

291 2478 381 2549 tutis3
399 2473 537 2556 nusquam
555 2478 631 2535 enim
651 2495 761 2536 tantum
783 2479 914 2537 tribuitur
926 2479 1020 2551 aetati,
1042 2478 1182 2560 nusquam

291 2555 335 2617 esi
347 2557 471 2618 senedius
482 2560 669 2618 honorarior:
682 2560 752 2639 quin
765 2560 851 2619 etiam
866 2559 1017 2619 memoriae
1029 2562 1182 2641 proditum

292 2639 335 2699 esi
357 2683 367 2710 ‚
393 2661 482 2720 quum
506 2640 649 2712 Athenis,
688 2657 702 2718 3
728 2639 824 2712 ludis,
850 2640 966 2723 quidam
986 2643 1018 2699 in
1038 2641 1181 2703 theatrum

290 2722 405 2800 grandis
424 2739 492 2780 natu
510 2719 650 2793 venisset,
675 2722 703 2780 in
724 2741 830 2802 magno
853 2720 979 2782 consessu
999 2721 1098 2782 locum
1112 2727 1147 2783 'ei
1165 2747 1184 2785 a·

291 2801 347 2862 suis
359 2803 471 2863 civibus
489 2804 544 2862 nus
562 2826 625 2864 uarn
637 2804 754 2864 datum:
775 2823 863 2884 quum
878 2821 973 2863 aurern
989 2803 1025 2862 ad
1040 2804 1181 2864 Lacedae·

291 2886 408 2943 monios
426 2827 609 2958 accessisiet,
639 2887 687 2965 qui
709 2885 794 2966 segari
814 2905 903 2965 quum
924 2883 1036 2955 essent,
1059 2887 1088 2945 in
1112 2888 1185 2947 loco

289 2982 373 3022 cerro
384 2964 591 3038 consederant,
602 2963 804 3027 consurrexisse
815 2985 935 3037 omnes,
947 2967 980 3027 δι
990 2963 1181 3029 senemislum

291 3066 313 3118 4
328 3042 426 3104 sessum
448 3045 596 3127 recepisse.
882 3061 886 3068 '

331 3127 379 3202 64.
410 3124 528 3206 Quibus
555 3149 643 3210 quum
666 3150 682 3190 a
705 3127 809 3191 tunsio
830 3126 959 3191 consessu
985 3127 1183 3211 psaususesset

325 3246 336 3292 5
352 3231 487 3283 Honorara.
505 3231 640 3283 Honoribus
657 3248 711 3299 pet·
782 3248 798 3284 2
815 3232 916 3309 Decedi,
928 3232 1035 3299 Nempe,
1056 3236 1087 3287 de
1104 3237 1180 3302 loco,

287 3297 461 3414 [iiiiiidssir.
472 3361 563 3429 Nempe
574 3362 714 3416 estimanda.
748 3298 897 3428 de3viaridis.
916 3361 976 3413 Dum
994 3362 1041 3415 ludi
1053 3364 1146 3420 serent.

287 3425 385 3489 Maioris
397 3429 426 3478 sit
437 3430 509 3493 pretii.
780 3429 901 3494 4Seffirm
922 3445 969 3476 rece
986 3429 1035 3492 iile·
1064 3431 1131 3487 Loco
1152 3433 1178 3487 or

287 3508 337 3621 mr,
355 3491 477 3621 {rigam
499 3492 568 3549 neue
589 3493 710 3547 concludi·
745 3491 946 3566 sedeinteripsos
976 3494 1064 3552 obesse·
