2817 4267
579 351 841 420 LrurnV.
1083 371 1144 439 3²7.

334 454 370 524 ’Ἀ
383 457 612 539 saltuatimque,
633 461 720 541 supra
735 460 847 521 Meoti'
866 460 1004 540 paludesJ

375 543 467 603 Nemo
486 544 545 623 est,
567 546 614 622 qui
624 541 710 621 frueris
730 564 770 601 me
788 545 953 623 equiparare
976 559 1068 622 queat.

225 667 227 672 ·
256 643 349 728 Qubd
368 649 392 707 si
417 643 479 717 est,
499 643 585 705 beata
609 646 670 706 vita
695 645 863 726 glorianda,
883 645 916 708 &
935 646 1143 726 praedicanda,

255 729 286 792 &
298 749 358 812 prae
369 726 398 789 se
410 726 531 788 ferenda
541 724 581 786 est
595 745 603 783 ι
621 726 693 785 nihil
712 725 752 785 es}
763 725 840 785 enim
861 727 958 799 aliud,
972 730 1051 809 quod
1068 739 1146 811 pra-i

254 809 434 883 ditandum,
455 809 487 869 &
508 828 568 888 prae
586 804 615 865 se
635 805 789 867 ferendum
813 810 859 868 sit.
880 805 998 887 Quibus
1021 812 1142 890 positis,

253 890 392 974 intelligis
409 888 480 973 quid
491 886 634 970 sequatur.
653 886 689 948 Et
701 881 910 968 quidemsttisi
925 909 959 950 ea
977 892 1037 950 vita
1058 892 1146 953 beata

195 997 197 1036 1
253 971 315 1046 est,
334 993 402 1051 quat
422 967 464 1030 est
477 970 580 1030 eadem
590 968 712 1028 honesta
728 990 736 1027 t
756 971 793 1028 sit
804 969 882 1028 aliud
899 969 1012 1031 necesse
1025 972 1065 1031 est
1077 987 1144 1034 nte·¹

250 1052 305 1114 lius
319 1051 383 1114 vita
399 1049 495 1112 Beati.
516 1047 611 1129 Quod
626 1053 704 1109 enim
717 1052 769 1109 etit
783 1049 954 1124 honesturn,
973 1052 1052 1114 certe
1064 1053 1143 1114 sate·
1178 1092 1182 1097 Δ

250 1135 360 1197 buntur
371 1130 427 1194 effe
443 1131 547 1192 melius
565 1151 572 1191 :
594 1132 634 1191 ita
646 1134 700 1191 erit
713 1130 798 1191 beati
815 1132 875 1191 viti
895 1134 998 1192 melius
1014 1134 1122 1215 aliquid
1133 1139 1146 1196 τ’

291 1236 311 1277 ο
322 1214 395 1298 quid
405 1211 502 1296 potest
519 1212 577 1272 diei
597 1212 784 1292 perversius?
800 1211 908 1294 Quid?
928 1217 995 1274 cunr
1014 1215 1147 1276 fatentur

221 1331 225 1340 ·
249 1237 316 1358 zise
338 1314 472 1378 magnam
491 1295 554 1353 vim
579 1293 635 1354 esse
654 1295 684 1353 in
704 1295 783 1353 vitiis
807 1295 844 1354 ad
868 1293 1000 1355 miseram
1026 1299 1142 1370 vitam,

248 1374 573 1444 nonnesatendumest,
585 1376 720 1435 eamdem
729 1378 789 1436 vim
802 1376 830 1434 in
841 1376 945 1438 virtute
956 1375 1013 1436 effe
1025 1379 1060 1437 ad
1072 1378 1142 1439 hea-

250 1475 311 1520 tam
322 1457 434 1521 viram?
459 1478 471 1516 r
486 1460 700 1517 contrariorum
713 1455 790 1515 enim
805 1459 944 1518 contraria
955 1456 1018 1517 sunt
1037 1458 1144 1519 tonse-⁶

292 1541 381 1602 entia.
394 1537 469 1618 Quo
479 1537 548 1600 loco
559 1558 672 1619 quaero,
690 1558 776 1619 quam
788 1540 848 1598 vim
859 1538 962 1600 habeat
974 1559 992 1600 2
1003 1540 1074 1600 libra
1092 1541 1143 1603 illa

280 1622 398 1694 titolai;
409 1621 458 1701 qui
471 1640 537 1680 cum
547 1621 576 1677 in
592 1620 713 1681 alteram
724 1620 835 1680 lancem
847 1623 934 1680 animi
953 1622 1032 1682 bona
1047 1624 1143 1704 irnpo·

196 1723 210 1732 ·
248 1701 942 1781 nat,inalteramcorporis,&externa:ranti1m
952 1705 1143 1784 propendere

193 2473 207 2598 ξ

204 2675 206 2682 ’
248 2689 331 2762 putet
344 2680 386 2740 a&

248 1784 333 1844 illam
343 1783 413 1844 boni
423 1785 537 1842 lancem
550 1799 633 1862 putet
643 1827 653 1855 ,
664 1799 695 1842 ut
707 1799 812 1842 terram
824 1783 855 1843 &
865 1787 953 1844 uratia
965 1786 1120 1865 deprimat.

292 1860 511 1943 xan'Quid
533 1883 603 1944 ergo
629 1881 677 1924 aut
697 1864 774 1924 hunc
796 1864 953 1945 prohibet,
977 1883 1025 1924 aut
1052 1870 1142 1928 etiam

247 1943 451 2007 Xenocratem
492 1944 574 2004 illum
618 1943 828 2028 'firmissimum
869 1944 1142 2027 philosophorum,

249 2026 474 2110 exaggerantem
494 2043 648 2108 tantopere
680 2029 818 2087 virtutem
831 2052 844 2098 ,·
871 2030 901 2088 δι
936 2046 1144 2090 extenuantem

249 2124 373 2188 taetera,
391 2110 423 2170 &
442 2104 645 2186 abjicientem,
666 2111 695 2166 in
715 2112 821 2167 virtute
841 2129 900 2168 non
918 2110 1032 2169 beatam
1048 2111 1141 2172 modu

247 2191 361 2264 vitam,
380 2187 432 2251 sed
444 2192 529 2250 etiam
540 2190 734 2250 beatissimam
751 2190 885 2270 ponere?
912 2188 1007 2269 Quod
1019 2195 1143 2273 quidem
1173 2205 1192 2248 'r

247 2273 303 2332 nisi
317 2275 353 2332 sit
363 2292 400 2354 „3
413 2273 553 2336 virtutum
564 2273 695 2331 interitus
704 2271 907 2353 consequetur.
921 2271 997 2348 Nam
1008 2275 1036 2332 in
1051 2294 1140 2356 quern

246 2353 329 2414 eadit
339 2351 480 2434 aegritudo
490 2357 539 2426 ,in
550 2353 685 2413 eumdem
698 2371 809 2412 metum
824 2354 930 2413 cadere
951 2354 1061 2416 necesse
1080 2356 1144 2426 esti,

193 2443 199 2462 '
248 2431 292 2496 est
306 2437 387 2494 enirn
401 2452 494 2494 metus
505 2433 606 2493 futurae
620 2435 795 2516 agritudinis
821 2435 942 2496 sollicita
966 2437 1139 2514 expetierim

248 2513 282 2578 In
296 2535 385 2599 quern
395 2534 490 2576 aurem
504 2533 599 2576 metus
609 2565 614 2581 ‚
625 2518 654 2575 in
668 2517 806 2577 eumdem
824 2516 970 2587 formido,
983 2518 1140 2590 timiditas,

248 2619 365 2680 pavor,
386 2598 511 2737 ἱῗηενίε.
530 2595 608 2678 Ergo
622 2616 653 2658 ut
671 2598 749 2658 idem
763 2600 894 2656 vincatur
907 2599 1053 2658 interdum
1062 2644 1072 2671 ,
1083 2607 1145 2661 nec'

409 2697 614 2760 eptaceptum
624 2679 695 2739 illud
708 2681 790 2740 Atrei
802 2681 961 2761 pertinere,
1139 2687 1142 2694 '

329 2782 451 2844 Proinde
471 2786 511 2846 ira
526 2802 623 2865 parent
635 2782 665 2862 se
684 2786 714 2843 in
728 2787 803 2853 vita,
825 2801 855 2842 ut
868 2784 942 2844 uinci
955 2781 1086 2861 nesciant.

249 2885 305 2949 Hic
326 2906 426 2948 autem
446 2889 600 2957 vincetur,
626 2906 658 2947 ut
682 2888 763 2949 dixi:
783 2908 838 2948 nec
862 2888 953 2947 modi>
981 2890 1143 2965 vincetur;

249 2968 296 3030 sed
309 2972 410 3038 ,etiem
425 2971 547 3030 'ser'vien
578 2972 618 3030 At
635 2992 699 3029 nos·
720 2972 858 3029 virtutem
879 2967 992 3047 semper
1017 2970 1141 3033 liberant

248 3049 414 3123 volumus,
449 3050 562 3131 semper
582 3051 716 3124 invisiam
735 3072 743 3108 :
765 3073 829 3132 qvae
849 3049 899 3109 nisi
923 3051 986 3109 sunt
1031 3052 1140 3114 subiate

248 3134 338 3192 virtut
370 3130 422 3193 esi.
448 3132 539 3214 Atqui
563 3137 584 3191 si
607 3137 635 3192 iu
664 3134 772 3192 virtute
791 3133 855 3191 suris
884 3131 925 3191 est
954 3133 1077 3211 praesidii
1099 3135 1140 3194 ad

246 3211 321 3275 bene
343 3213 530 3289 vivendum,
551 3214 615 3275 satis
638 3213 679 3275 est
703 3216 791 3273 etium
809 3215 845 3274 ad
863 3213 974 3274 beati:
1004 3213 1069 3274 satis
1095 3213 1144 3278 est

279 3379 289 3413 1
313 3360 596 3424 Contrariorum-enim,
624 3364 674 3417 (irc.
741 3379 756 3413 2
780 3363 858 3415 Liuia.
879 3361 909 3416 Lu
932 3365 1037 3416 iultnce.

207 3437 209 3442 ’
245 3441 283 3480 tar
299 3429 333 3481 les
345 3432 476 3482 contraires
486 3431 617 3498 produiseut
632 3433 675 3485 des
743 3443 753 3491 3
771 3427 904 3482 Virtutum.
928 3432 976 3486 ἃς.
997 3430 1041 3485 Les
1057 3440 1139 3486 vetius

243 3493 309 3549 effers
324 3496 464 3552 contrairet·
707 3493 785 3548 serunt
801 3496 929 3548 tumeries.
