2817 4267
250 418 252 426 ’
320 423 385 510 ‘284
486 501 489 510 ,
542 425 957 495 Tuscut'tnnrrrrn
1020 401 1070 420 '⁸

319 533 471 619 Euripides
490 534 589 598 dicere
604 537 713 610 audet,
734 535 815 598 deus.
829 535 865 596 Et
883 537 1026 618 quidem
1043 533 1070 595 si
1083 534 1207 601 densant
1237 591 1238 602 ,

319 622 414 679 anima
431 633 480 677 ant
495 619 568 699 ignis
589 615 650 690 est,
680 618 762 689 idern
784 615 824 677 est
843 620 954 679 animus
977 617 1204 682 bominis.Nam
1237 619 1238 626 '

318 699 419 759 utilia
439 718 539 762 natura
556 696 682 770 coelestis
704 697 736 761 &
759 697 836 758 terrai
856 699 986 761 vacat&
1008 699 1155 761 hutnore:
1168 702 1205 762 tic

317 778 463 860 utriusque
490 780 592 841 harunr
611 799 709 842 rerum
734 779 877 839 humanus
896 781 1009 840 animus
1027 779 1075 841 est
1098 801 1206 863 expers.

316 858 367 921 Sin
377 877 476 922 autem
485 860 529 922 est
541 862 637 943 quinta
648 860 780 942 quaedam
795 877 893 920 natura
902 862 939 921 ab
949 859 1114 925 Aristotele
1124 862 1206 924 inclo-

316 939 360 1001 tta
405 943 536 1003 rimbm:
560 942 622 1003 haec
644 941 823 1004 &deorum
845 940 906 1013 est,
934 942 968 1003 ὃ(
991 944 1172 1006 animorum.

419 1021 486 1083 Vll.
501 1022 585 1084 Hanc
598 1044 652 1083 nos
669 1021 840 1084 sententiam
856 1020 964 1093 secuti,
985 1023 1030 1082 his
1052 1026 1127 1104 ipsis
1144 1044 1206 1086 ver·
1236 1031 1238 1054 ¹

314 1097 359 1164 bis
378 1106 408 1163 in
423 1103 631 1166 Consolatione
648 1104 710 1164 haec
733 1101 929 1185 expressitnus.
946 1106 1118 1166 Animorum
1129 1107 1205 1167 nolle

313 1186 345 1246 in
366 1188 440 1245 terrie
458 1188 531 1268 origo
551 1187 668 1247 inveniri
687 1188 794 1267 potest:
814 1186 888 1245 nilril
901 1186 971 1245 enim
992 1187 1028 1266 est
1053 1190 1086 1247 in
1107 1190 1206 1250 animis

315 1267 431 1327 mixtum
447 1286 529 1347 atque
538 1286 706 1338 concretum,
720 1286 770 1328 ant
786 1269 865 1347 qnod.
877 1287 911 1325 ex
929 1287 997 1325 terra
1012 1286 1115 1329 natum
1128 1269 1205 1351 atqrt'e

308 1349 404 1425 filiurn
419 1346 470 1428 effi
485 1352 633 1423 videatur‚·
651 1350 724 1408 nilril
739 1371 772 1408 ne
783 1366 832 1407 aut
846 1349 986 1407 lrrtrnidurn
1000 1351 1138 1427 quidem,
1160 1366 1205 1412 ortt

307 1432 425 1510 flabile,
445 1448 494 1489 ortt
506 1433 621 1516 igneum.
633 1433 692 1489 His
700 1433 774 1490 enim
786 1431 814 1489 in
826 1431 931 1489 naturis
943 1430 1018 1489 nihil
1035 1431 1105 1512 inest
1112 1477 1125 1503 ,
1136 1435 1203 1513 qood

313 1512 371 1571 viret
398 1512 552 1585 memoria,
577 1516 696 1581 mentis,
727 1511 903 1591 cogitationis
926 1512 1047 1583 halem,-
1076 1518 1152 1589 quod
1177 1514 1200 1574 θ’

308 1594 445 1671 proterite
465 1612 573 1665 teneat,
592 1593 620 1652 δ’
632 1591 732 1668 ficturo
750 1594 909 1671 provideat,
930 1592 958 1654 θ’
977 1594 1122 1671 complet‘li
1139 1601 1200 1675 pos·

303 1675 342 1753 fit
355 1672 517 1751 prasentia:
532 1693 591 1752 quo
604 1674 668 1750 jola
687 1674 786 1731 divino
799 1675 875 1751 sunt.
896 1676 957 1733 Nec
978 1674 1141 1754 invenietur
1157 1698 1201 1737 un·

309 1776 409 1833 quarn,
427 1758 498 1814 unde
512 1757 551 1814 od
563 1755 695 1814 hominem
713 1755 802 1813 venire
818 1754 1008 1833 poffint,·nifi
1024 1754 1045 1813 ri
1066 1760 1127 1817 deo.
1141 1760 1199 1818 Sin·

309 1837 416 1918 gularis
426 1838 461 1915 esi
473 1837 557 1918 igitur
567 1839 688 1915 quodam
703 1831 804 1895 natura
816 1856 897 1914 oeque
907 1835 1069 1911 visonimi,
1079 1834 1199 1917 sejnnlia
1218 1911 1221 1918 Ι

312 1918 349 1977 ab
364 1919 408 1976 his
418 1919 526 1995 ufitntis
543 1916 665 1995 notisque
675 1919 792 1976 naturis.
807 1917 905 1996 Itoqru
915 1918 1054 1995 quidquid
1067 1923 1102 1999 est
1114 1922 1198 1993 illut,

310 2002 388 2079 quod
396 1998 497 2076 sentit,
516 2001 590 2076 quod
596 2000 693 2078 sapit,
712 1997 880 2076 quodvult,
899 2000 974 2076 quod
989 2000 1084 2079 riget,
1103 2002 1198 2081 coeleflr

311 2081 340 2139 6·
354 2082 479 2141 divinrim
496 2083 550 2158 esi,
576 2080 609 2137 ob
628 2101 737 2156 eamque
756 2100 807 2137 rem
837 2095 957 2135 aternum
970 2081 1009 2155 fit
1033 2078 1135 2159 neceffe
1156 2082 1197 2161 esi.

309 2163 371 2221 Ner
387 2163 450 2219 verti
469 2164 535 2220 deus
553 2158 629 2237 ipse,
651 2162 698 2238 qui
713 2158 873 2238 intelligitur
889 2157 906 2215 ἆ
925 2159 1022 2226 nobis,
1043 2161 1195 2224 ullomodo

308 2240 425 2321 intelligi
431 2243 532 2322 potest,
550 2242 605 2315 nifi
620 2262 693 2299 mens
702 2239 796 2316 soluta
813 2239 975 2319 quatiam&
991 2240 1094 2315 libera,
1111 2242 1195 2327 segre·

305 2339 374 2402 gata
397 2324 432 2380 ab
464 2323 539 2380 omni
564 2323 731 2380 concretione
752 2322 884 2390 mortali,
912 2322 1005 2381 omnia
1021 2320 1148 2398 sentim
1170 2326 1194 2388 6*

308 2424 440 2466 movens.
461 2401 572 2480 ipſszque
588 2403 703 2482 prodita
724 2419 796 2461 motu
810 2401 982 2481 sempiterno.

312 2521 314 2526 -
350 2480 493 2543 XXVlll.
514 2479 581 2542 Hoc
601 2484 617 2543 ὲ
637 2502 744 2564 genere
766 2500 852 2563 atque
874 2484 975 2544 eadem
997 2483 1013 2543 ὲ
1034 2486 1137 2547 natura
1154 2485 1194 2549 est

307 2562 432 2625 humana
453 2584 542 2624 mens.
561 2563 623 2623 Ubi
645 2566 747 2644 igitur,
768 2581 815 2623 aut
836 2564 926 2645 qualis
948 2565 991 2626 est
1011 2564 1066 2627 ista
1087 2568 1194 2630 mens?

306 2644 367 2706 Ubi
379 2665 427 2705 tua
437 2663 509 2714 ‚aut
524 2644 634 2726 qualis?
651 2642 777 2725 potesne·
787 2645 907 2705 dicere?
922 2646 987 2719 An,
1008 2648 1031 2706 si
1045 2652 1147 2711 omnia
1157 2649 1192 2710 ad

303 2726 526 2808 intelligendum
548 2747 607 2785 non
634 2726 749 2796 habeo,
776 2747 840 2807 quae
866 2726 972 2788 babere
999 2728 1132 2805 vellem3
1152 2752 1192 2803 ‚ne

306 2808 351 2867 his
370 2809 489 2888 quidem
506 2808 697 2888 qtraelhabem
719 2808 790 2867 milti
810 2812 966 2886 perterrti
984 2808 1108 2871 licebit?
1123 2812 1192 2873 Non

296 2889 387 2966 ¹valer
406 2892 514 2948 tantirm
535 2891 664 2956 animus,
683 2904 714 2947 ut
732 2886 761 2947 se
780 2888 873 2969 ipsum
891 2888 952 2969 iple
967 2890 1086 2951 videat:
1100 2910 1147 2966 at,
1160 2911 1191 2955 ut

306 2970 424 3039 oculus,
454 2972 494 3027 sic
518 2970 630 3027 animus
655 2968 682 3026 se
703 2990 762 3028 non
784 2970 894 3034 videns,
916 2971 970 3029 alia
994 2972 1099 3033 cernit.
1123 2974 1190 3036 Non

304 3050 388 3110 videt
400 3067 513 3117 autem,
532 3052 612 3129 quod
631 3048 851 3122 ministratorii,
870 3050 993 3110 formam
1012 3052 1102 3114 suam.
1119 3053 1190 3117 For·
1237 3097 1238 3126 t

305 3128 376 3190 talle
397 3151 405 3189 r
431 3151 594 3209 quanquam
611 3130 640 3189 id
663 3151 800 3211 quoque:
819 3131 867 3192 sed
891 3132 1106 3214 relinquamus:
1131 3138 1190 3197 vim

303 3211 403 3283 certi,
417 3210 625 3288 sagacitatem,
643 3212 835 3284 memoriam,
856 3229 988 3285 motum,
1011 3215 1190 3280 celeritatem

302 3291 395 3351 videt.
407 3290 478 3351 Haec
491 3312 612 3372 magna,
629 3293 689 3353 haec
705 3292 823 3365 divina,
844 3293 905 3352 haec
923 3293 1099 3375 sempiterna
1116 3298 1189 3361 sunt.

303 3371 374 3451 Qua
383 3371 456 3433 facie
466 3374 585 3452 quidem
605 3375 659 3444 sit,
674 3393 721 3436 aut
738 3374 786 3436 ubi
804 3374 930 3449 habitet,
946 3396 984 3436 ne
1000 3381 1191 3457 quaerendum

302 3453 422 3534 quidem
439 3454 490 3515 est.
503 3453 546 3516 Ut
560 3458 626 3516 cirm
637 3458 771 3517 videmus
789 3455 917 3536 speciem
935 3458 1062 3536 primum
1081 3462 1191 3523 cando·

302 3553 425 3616 remque
440 3537 527 3616 coeli;
550 3536 617 3598 dein
634 3539 837 3602 conversionis
860 3538 1040 3603 celeritatem
1061 3557 1192 3618 tantam,
