2817 4267
230 3661 289 3779 h.

298 387 359 466 276
539 383 942 450 Tuscurnunuunr

298 497 407 553 erimus
428 507 587 572 expertes:
615 493 755 572 quodque
777 512 853 552 nunc
875 491 999 552 facimus
1017 489 1084 554 citro
1099 491 1210 554 laxati,

298 575 374 634 euris
394 572 506 644 sumus,
530 591 561 632 ut
582 571 709 653 spedare
730 573 839 653 aliquid
864 574 1049 636 velimus&
1072 573 1184 636 viseret

297 656 330 714 id
350 656 441 714 multo
454 674 515 713 tum
534 654 671 714 satciemus
689 655 825 725 liberilrs,
843 655 981 736 totosque
1000 675 1058 716 nos
1074 657 1191 716 incon·‘
1226 717 1227 724 ,

299 736 473 815 renrplandis
495 736 580 795 rebus
611 734 879 817 perspiciendisque,
898 756 1075 818 ponemus:
1099 757 1186 817 prop·
1226 757 1227 782 ³

298 835 380 879 terea
393 817 472 896 qubd
486 818 517 876 &
533 819 633 876 naturai
652 815 724 876 inest
741 819 887 877 mentibus
906 817 1016 890 noslris¹
1024 815 1185 878 insatiabilis
1226 843 1227 858 ¹

299 897 433 978 quadam
455 900 597 979 cupiditas
612 902 675 974 ¹ueri
694 898 833 973 videndi,
852 899 956 960 &orae
971 895 1044 978 ipsae
1057 902 1186 960 locorum

298 980 438 1051 illorum,
466 981 525 1061 qub
561 981 800 1059 pervenerimus,
833 980 892 1058 qub
918 977 1083 1040 faciliorem
1107 979 1188 1041 nobis

301 1064 500 1140 cognicionem
519 1082 614 1121 rerum
638 1059 817 1131 coelesti-um,
839 1061 877 1120 eb
901 1058 1049 1140 majorem
1070 1059 1187 1142 cognos·

301 1141 389 1201 cendi
417 1143 605 1223 cupiditatem
636 1143 754 1201 dabunt.
787 1141 860 1200 llaec
890 1143 969 1201 enim
1003 1139 1187 1221 pulchritudo
1224 1163 1227 1182 ¹

303 1225 391 1284 etiam
419 1225 449 1283 in
478 1225 561 1283 terris
584 1244 595 1283 r
620 1226 742 1304 patriam
768 1222 849 1286 illam
868 1223 900 1283 dc
927 1223 1066 1293 auitam,
1097 1239 1130 1282 ut
1152 1222 1191 1302 uit¹
1226 1235 1227 1240 ’

302 1303 550 1387 Theophrastus,
573 1302 806 1386 philosophiam,
830 1304 1009 1385 cognitionis
1031 1304 1189 1383 cupiditate

303 1386 467 1460 incensam,
490 1388 638 1447 excitavit.
662 1385 807 1465 Praecipue
820 1387 893 1446 verb
914 1383 1048 1445 fruentur
1067 1380 1188 1465 ed‚-qt'ti

303 1485 370 1528 rum
382 1469 467 1527 etiam
479 1513 488 1540 ,
504 1467 570 1526 ciam
582 1469 632 1528 has
644 1484 734 1528 terras
750 1466 912 1526 incolentes
924 1463 1097 1526 circumfusi
1113 1481 1189 1527 erant

304 1550 443 1629 caligine,
464 1565 561 1607 tamen
574 1551 635 1609 acie
646 1551 752 1609 'mentis
769 1546 910 1629 dispicere
920 1567 955 1608 cu
978 1546 1091 1608 iebant.

346 1628 415 1700 XX,
434 1628 549 1688 Etenim
563 1632 586 1688 si
603 1652 679 1689 nunc
691 1630 801 1712 aliquid
822 1627 930 1709 assequi
948 1569 978 1689 sd
998 1643 1124 1710 purant,
1142 1626 1197 1708 qni·

303 1728 324 1768 2
346 1708 449 1768 ostium
466 1707 551 1769 Ponti
571 1711 728 1782 viderunt,
750 1712 783 1772 &'
800 1730 848 1772 eas
870 1707 1032 1791 angustiae,
1055 1730 1110 1792 per
1123 1728 1195 1790 quas

303 1791 469 1872 penetravit
486 1811 521 1852 ea
541 1791 659 1873 quaeest
677 1794 826 1853 nominata
839 1792 942 1873 Argo,
960 1792 1031 1874 quia

593 1898 695 1978 Argivi
715 1899 744 1957 irr
764 1921 800 1956 ea
812 1898 903 1956 detersi
921 1897 976 1956 vr'n'

308 1980 384 2040 Vessi
399 1979 530 2060 petebant
545 1980 818 2058 pelleminauratam
839 1980 957 2050 arietis5

306 2102 355 2142 aur
374 2080 423 2156 hi,
445 2084 493 2163 qui
510 2081 623 2143 Oceani
644 2099 658 2162 3
680 2080 754 2142 srcta
773 2082 826 2142 illa
840 2081 1004 2157 viderunt,
1033 2093 1038 2099 “
1099 2120 1103 2126 ‚

306 2192 446 2268 Europam
465 2189 634 2267 Libyamque
648 2209 736 2267 rapax
755 2189 802 2247 usi
822 2187 924 2248 dividit
941 2191 1041 2263 unda3
1137 2193 1140 2198 ’

306 2291 388 2371 quod
406 2289 525 2349 tandem
545 2289 738 2369 speslaculum
759 2290 822 2352 sore
834 2310 988 2372 putamus,
1011 2295 1081 2355 clim
1102 2310 1190 2359 totam

306 2390 412 2431 terram
430 2374 561 2431 contueri
574 2372 688 2444 licebit;
711 2370 829 2452 ejusque
841 2375 908 2433 ebra
922 2377 1029 2448 situm,
1047 2375 1191 2451 sormam,

304 2450 620 2533 circumscriptionem,
633 2472 695 2512 tum
705 2453 915 2514 &habitabiles
926 2460 1082 2536 regiones,
1092 2461 1124 2521 dr
1133 2481 1190 2518 rur·

307 2533 369 2593 sum
380 2537 460 2594 omni
473 2534 551 2593 cultu
563 2551 684 2615 propter
694 2536 757 2593 vim
775 2533 890 2616 frigoris
905 2554 954 2596 aut
967 2542 1075 2599 caloris
1089 2562 1190 2601 vacan-

307 2616 372 2675 tes?
392 2615 456 2676 Nos
477 2618 555 2675 enirn
573 2636 610 2675 ne
630 2636 707 2674 nunc
729 2617 848 2694 quidem
869 2618 960 2680 oculis
987 2624 1135 2682 cernimus
1159 2642 1189 2682 ea

288 2720 372 2782 xquae
390 2699 547 2758 videmus:
568 2696 759 2776 nequeenim
778 2696 819 2756 est
834 2698 907 2760 ullus
923 2698 1019 2762 sensus
1038 2705 1068 2761 in
1085 2725 1189 2784 corpo·

307 2801 358 2839 re:
380 2778 430 2838 sed
450 2781 503 2859 (ut
521 2799 581 2837 non
592 2778 683 2837 satum
704 2779 819 2859 physici
834 2780 962 2853 docent,
982 2787 1088 2844 verbm
1105 2789 1189 2846 etiam

307 2861 432 2926 medici,
449 2863 498 2940 qui
510 2859 670 2941 isla-aperta
683 2860 716 2919 bc
732 2859 871 2941 patesasla
881 2863 1034 2945 viderunt)
1044 2868 1101 2926 viae
1114 2867 1190 2948 quasi

306 2941 440 3023 quaedam
460 2938 521 2999 sunt
540 2941 575 3000 ad
594 2942 717 3011 oculos,
740 2943 777 3001 ad
796 2963 897 3017 aures,
921 2944 962 3003 ad
981 2966 1065 3005 nares
1087 2948 1103 3006 a
1124 2947 1190 3008 sede

307 3023 393 3081 animi
416 3021 579 3102 persoratae.
607 3022 707 3103 ltaque
735 3020 809 3105 saepe
832 3043 882 3084 aut
902 3026 1102 3107 cogitatione,
1143 3046 1191 3089 aut

307 3105 403 3183 aliqua
429 3106 458 3162 vi
484 3105 580 3163 morbi
602 3104 756 3183 impediti,
784 3108 891 3185 apertis
914 3124 1000 3187 atque
1020 3110 1137 3190 integris
1160 3111 1190 3171 dt

307 3187 400 3246 oculis
421 3187 453 3248 ὃ(
470 3186 605 3257 auribus,
626 3206 680 3246 nec
693 3186 843 3262 videmus,
861 3209 915 3249 nec
935 3190 1087 3255 audimus:
1107 3189 1189 3250 ursa»

342 3346 352 3380 r
373 3331 494 3391 Patriam,
512 3345 525 3381 a
544 3329 645 3396 patribus
663 3330 735 3382 trudi·
801 3347 816 3398 3
835 3301 902 3382 Ficta
919 3335 962 3382 illa
977 3369 990 3393 ,
1010 3335 1031 3385 le
1060 3335 1147 3387 detroit
1164 3336 1191 3387 dr

307 3408 363 3446 nra.
604 3432 606 3435 -
768 3398 842 3449 Cadix
854 3414 886 3450 ou
903 3400 933 3450 de
952 3400 1086 3462 Gibtaltnr,
1107 3404 1145 3467 qui
1160 3404 1194 3453 sc'·

340 3462 456 3522 zoftian
472 3462 544 3511 Ponti
554 3501 561 3523 ,
572 3460 650 3512 lauces
666 3459 736 3514 Ponti
767 3478 823 3530 pare
833 3464 945 3532 l'Europe
961 3465 992 3521 dc
1008 3466 1133 3534 t’tttrtque.

307 3523 410 3582 Eunai,
429 3528 516 3592 hodie,
536 3528 618 3581 lamet
635 3527 722 3582 Noire.
