2817 4267
325 426 368 490 74
557 402 987 479 Droarr'crts',
1061 365 1064 384 .

323 512 391 575 Nec
415 508 488 584 uero
512 530 523 570 t
550 508 634 589 hujus
654 512 771 591 tyrann-i
795 507 906 580 fotum,
935 527 1024 589 quem
1046 508 1133 571 armis
1156 523 1217 593 opi

323 592 415 677 pressa
429 593 547 676 pertulit
557 595 671 663 civitas,
691 592 833 673 paretque
848 600 938 670 quum
950 591 1074 651 maxime
1085 611 1217 669 mortuo,

322 675 454 737 interitus
469 674 614 746 declarat,
634 690 774 754 quantum
791 673 893 733 odium
914 673 1067 734 homiuum
1083 676 1181 735 valeat
1197 698 1216 738 2

320 758 359 819 ad
370 756 498 840 pellem3
512 751 561 815 sed
578 756 756 836 reliquorum
776 755 883 814 similes
896 756 989 824 exitur
1006 773 1214 834 tyrannorum,

321 859 448 923 quorum
463 837 538 897 haud
552 836 613 896 sere
631 834 783 918 quisquam
795 837 942 895 interitum
956 837 1083 896 similem
1103 836 1215 920 effugit.

320 919 419 980 Malus
445 922 523 979 enirn
551 916 646 978 custos
672 917 867 978 diuturnitatis
893 935 1010 991 metuo,
1049 919 1212 1003 corticique

316 1001 527 1064 benevolentia
542 997 637 1059 fidelis
653 996 714 1071 est,
737 999 785 1060 vel
803 998 839 1058 ad
852 1000 1088 1079 perpetuitatem.

362 1079 409 1158 a4.
431 1082 491 1143 Sed
511 1083 564 1155 iis,
594 1082 645 1162 qui
672 1082 703 1140 vi
724 1075 874 1161 oppressos
898 1082 1023 1163 imperio
1050 1098 1208 1157 coercent,

318 1166 355 1227 sit
382 1164 448 1225 sane
475 1163 638 1223 adhibenda
656 1159 782 1232 saevitia,
808 1179 840 1222 ut
865 1161 940 1222 heris
963 1164 993 1221 in
1023 1161 1212 1239 famuloa,'ai

315 1248 399 1308 aliter
413 1248 504 1306 teneri
525 1264 585 1304 non
604 1241 738 1327 pollunt:
766 1244 815 1323 qui
838 1245 910 1304 verb
933 1246 962 1302 in
978 1242 1069 1304 libera
1088 1248 1210 1310 civitate

224 1346 227 1354 ·
316 1331 355 1390 ita
380 1326 410 1389 se
431 1326 590 1395 instruunt,
620 1342 652 1385 ut
669 1342 854 1398 metuantur3
875 1326 919 1384 his
936 1324 1007 1383 nihil
1030 1324 1132 1408 eller't
1172 1393 1176 1398 ,
1214 1335 1232 1372 -'

314 1410 492 1472 dementius.
514 1407 662 1488 Quamvis
681 1409 760 1467 enim
786 1406 923 1467 demersae
942 1408 1000 1466 sint
1015 1406 1098 1490 ligea
1115 1409 1171 1470 alic

314 1490 359 1567 ius
380 1493 504 1570 opibus,
526 1489 657 1570 quamvis
679 1486 823 1549 timesasiai
835 1487 969 1570 libertas,
988 1490 1141 1572 emergunt
1160 1495 1206 1551 ta·
1225 1529 1238 1568 ,r

313 1594 383 1636 men
403 1576 463 1633 haec
481 1571 636 1651 aliquando
654 1590 668 1652 3
685 1584 733 1631 aut
746 1568 862 1650 judiciis
879 1571 993 1644 tacitis,
1013 1589 1061 1645 aut
1080 1571 1205 1635 occultis
1234 1573 1238 1610 ³*

315 1656 353 1715 de
366 1656 479 1714 honore
500 1649 650 1732 suffragiis.
667 1652 805 1712 Acriores
821 1669 917 1713 autem
945 1650 1055 1712 morsus
1075 1650 1140 1713 sutit
1161 1656 1204 1714 im

311 1732 445 1797 termlslae
464 1733 620 1807 libertatis,
646 1732 733 1813 qulam
749 1750 885 1795 retentae.
905 1731 1000 1812 Quod
1018 1735 1105 1817 igitur
1125 1735 1202 1795 latis·
1237 1793 1238 1798 ,

312 1818 495 1898 εἰιιδρατει,
511 1815 657 1896 nequead
672 1813 904 1875 incolumitatem
920 1816 1032 1888 sollum,
1052 1814 1201 1879 sedetiam
1234 1807 1238 1830 ⁴

208 1973 210 1977 .
311 1900 350 1961 ad
371 1919 445 1981 opes
465 1898 498 1960 δι
514 1899 676 1979 potentiam
694 1895 771 1959 valet
787 1897 962 1977 plurimum,
981 1898 1018 1980 ‘id
1043 1897 1199 1979 ampledla·

312 2003 400 2056 mun,
420 1998 451 2041 ut
480 1997 575 2040 metus
594 1978 686 2051 absit,
710 1979 811 2038 caritas
840 1981 1016 2039 retineatur:
1036 1982 1074 2040 ita
1096 1978 1200 2042 sacilli·

310 2064 377 2135 roe,
406 2081 470 2145 quae
491 2061 646 2133 volumus,
675 2060 847 2140 &privatis
874 2061 903 2119 in
924 2060 1027 2135 rebus,
1046 2061 1079 2126 &
1102 2063 1133 2121 itt
1153 2083 1200 2126 re·

217 2135 220 2146 ’
310 2144 428 2230 publica
448 2139 681 2223 consequefflr:
703 2143 810 2201 etenim
823 2142 874 2223 qui
891 2142 918 2202 se
940 2143 1033 2202 metui
1046 2144 1166 2217 volent,
1183 2157 1199 2207 a
1230 2143 1238 2150 ”

308 2227 413 2311 quibus
426 2224 607 2298 met'uentur,
621 2220 740 2282 eosdem
750 2239 880 2283 metuant
890 2225 961 2303 ipsi,
979 2223 1092 2285 necesse
1105 2224 1159 2285 est.
1224 2269 1238 2280 .-

354 2327 403 2388 25·
421 2303 506 2385 Quid
524 2308 601 2365 enim
614 2302 763 2364 censemus
780 2302 958 2384 superiorem
976 2304 1060 2370 illum
1079 2305 1202 2389 Diony··

310 2389 404 2462 sium,
420 2407 480 2468 quo
500 2387 626 2447 cruciatu
644 2385 757 2444 timoris
778 2388 842 2468 angi
861 2386 999 2447 solitum?
1022 2389 1071 2469 qui
1089 2390 1199 2450 cultros

308 2488 444 2533 metuens
454 2466 619 2537 tonsorios,
636 2466 780 2527 candente
794 2467 920 2531 carbone
933 2468 987 2527 sibi
997 2469 1137 2530 adurebat
1149 2491 1199 2531 ca·

308 2550 438 2640 pillum?
463 2547 570 2628 Quid?
597 2548 798 2621 Alexandrum
812 2547 989 2621 Pheraeum,
1011 2570 1071 2630 quo
1094 2552 1195 2620 animo

308 2632 411 2697 vixisse
428 2630 618 2692 arbitramur?
635 2632 684 2711 qui
707 2630 763 2710 (ut
781 2630 915 2712 scriptum
934 2632 1083 2714 legimus)
1105 2651 1202 2717 quunt

307 2733 433 2779 uxorem
456 2709 582 2775 Theben
599 2711 759 2771 admodum
777 2711 929 2794 diligeret,
953 2733 1051 2778 tamen
1070 2716 1108 2775 ad
1131 2733 1196 2777 eam

299 2818 346 2860 ex
366 2797 459 2879 epulis
481 2793 696 2867 incubicutum
714 2795 854 2865 veniens,
876 2796 1048 2867 barbarum,
1071 2797 1104 2856 dc
1126 2816 1195 2866 eunt

308 2880 450 2961 quidem,
470 2893 503 2936 ut
519 2874 654 2956 sctlptum
674 2872 734 2945 est,
751 2896 772 2947 4
783 2874 989 2955 compundium
1000 2878 1077 2937 notis
1088 2875 1196 2942 Threi.

306 2964 379 3030 ciis,
394 2956 527 3018 destrislo
543 2957 643 3038 gladio
659 2953 779 3035 jubebat
796 2959 926 3031 anteite;
943 2958 1195 3041 praemittebatque

259 3097 261 3101 .
306 3042 346 3103 de
364 3037 547 3122 stipatoribus
565 3040 640 3109 suis,
671 3036 721 3119 qui
741 3034 937 3098 'scrutarentur
961 3040 1070 3100 arculas
1091 3042 1197 3104 mulie·

305 3122 394 3194 brer.
415 3123 465 3192 δι,
485 3140 521 3181 ne
539 3119 619 3201 quod
632 3122 661 3179 in
673 3115 1065 3186 vestimentis-occultaretur
1080 3123 1193 3196 telum,

305 3206 503 3292 exquirerent.
517 3199 548 3263 Ο
563 3199 712 3270 miserum,
729 3201 777 3285 qui
786 3199 967 3280 fideliorem,
978 3203 1010 3266 ὃ(
1021 3202 1194 3285 barbarum,
1232 3229 1238 3245 Δ

340 3325 352 3361 1
366 3308 444 3369 Hujus
456 3304 618 3371 tyranni.lulii
628 3301 731 3356 Calatis.
765 3305 791 3366 Ιῑὸ
806 3307 895 3359 collatis
909 3307 939 3359 ad
954 3306 1016 3362 aliut
1034 3306 1147 3374 sttlltagiis
1163 3310 1193 3363 de

337 3369 697 3437 adpossemntlperniciem.
763 3369 864 3424 bonore.
1236 3431 1238 3440 Α

339 3454 352 3505 3
376 3442 426 3486 Aut
448 3437 544 3499 judiciis
564 3438 653 3487 tacitis.
682 3434 731 3485 Aut
789 3439 978 3505 4Compundlum
988 3440 1053 3487 notis
1066 3435 1192 3497 Threiciis.

301 3504 391 3572 jndicio
401 3503 469 3554 tacite
481 3500 661 3577 significantibus
674 3500 729 3565 quid
761 3493 877 3559 Ttrraces'
890 3501 1032 3579 stigmatibus
1053 3503 1101 3578 sese
1122 3518 1192 3572 ueta!

302 3572 333 3630 de
348 3584 443 3644 quoque
459 3568 571 3636 sentitur.
590 3578 629 3623 aut
649 3565 728 3624 seete·
760 3564 826 3628 baut.
1170 3584 1173 3591 ·

218 3659 356 3787 ἢ,
