2817 4267
520 409 857 480 nerito-unsa
1047 413 1118 494 n'fpg

247 515 504 598 ·heque'tnovetur.
532 519 565 581 ἅ
588 515 689 582 infima
713 520 772 596 est,
800 522 833 584 δι
852 521 969 580 in'ettn
989 509 1122 580 feruntur

256 601 338 658 onnia
356 599 407 661 suo
429 618 500 661 nutu
518 600 657 680 pondera.
780 671 788 684 Ι
1098 643 1101 652 -

291 677 324 738 V.
340 679 417 759 Quae
442 701 531 761 quum
551 683 677 742 intuerer
695 680 832 762 stupetis,
864 696 895 740 ut
923 700 971 741 me
998 679 1118 758 recepi,

262 753 345 836 Quid?
368 762 430 834 hic,
443 763 575 840 inquam,
593 764 656 843 quis
670 762 727 832 est,
742 765 791 842 qui
803 763 932 840 complet
943 780 1025 820 aures
1037 780 1117 819 meas

261 851 334 899 tantus
353 841 384 901 ὃ(
396 859 454 901 tum
471 843 561 903 dulcis
573 840 679 902 sonus?
703 843 760 902 Hic
781 842 845 914 est,
864 843 956 923 inquit
978 841 1046 915 iile,
1069 841 1118 920 qui

262 916 395 980 intervallis
409 921 576 998 conjuncius
593 924 770 1002 imparibus,
787 921 837 983 sed
854 940 966 993 tamen,
983 942 1038 1002 pro
1059 939 1118 980 rate

262 1015 342 1074 parte,
369 1005 482 1063 ratione
506 1003 660 1080 distinciis,
682 1004 804 1082 impulsu
826 1004 858 1063 δι
880 1020 963 1062 motu
989 1002 1119 1080 ipsorum

263 1078 354 1140 odium
373 1080 516 1158 efficitur;
533 1086 582 1165 qui
595 1103 678 1144 scuta
698 1103 762 1143 cum
781 1084 916 1163 gravibus
936 1100 1120 1164 temperans,

261 1161 335 1220 *trior
351 1164 530 1243 aquabiliter
542 1182 700 1225 concentus
715 1161 819 1223 efficit:
838 1184 892 1224 nec
911 1166 987 1224 eninr
1003 1163 1121 1222 silentio

260 1241 312 1298 nuti
322 1261 415 1303 motus
427 1244 536 1304 incitari
553 1243 682 1324 poffunt‚
697 1247 729 1306 δι
744 1263 842 1304 natura
853 1244 925 1312 fert,
947 1260 978 1302 ut
990 1261 1122 1302 extremo

260 1320 375 1384 etaltera
388 1339 469 1403 parte
486 1328 631 1406 graviter,
650 1346 684 1385 ex
700 1327 896 1384 alternantem
910 1323 992 1382 acute
1008 1319 1122 1381 sonent.

290 1400 450 1481 12.'Quam
477 1408 516 1465 ob
540 1404 652 1464 causam
672 1404 798 1464 summus
820 1405 868 1464 ille
896 1405 965 1464 coeli
986 1401 1116 1462 stelliferi

237 1478 456 1562 *cursumujus
477 1487 633 1546 conversio
650 1486 690 1545 est
710 1487 900 1555 concitatior,
917 1501 1004 1544 acuto
1019 1485 1050 1543 δι
1069 1503 1120 1542 ex·

253 1560 329 1622 citato
354 1583 492 1625 movetur
515 1564 610 1625 sono:
635 1564 798 1646 graviffimo
820 1584 917 1625 autem
947 1566 992 1624 hic
1014 1565 1119 1624 lunatis

248 1655 325 1729 {tque
340 1642 472 1704 infimus:
492 1664 664 1717 nutriretur,
683 1667 779 1719 nona,
803 1646 960 1707 immobilis
983 1665 1122 1717 manens,

248 1723 300 1782 rme
321 1722 386 1784 sede
412 1724 654 1806 semper'haeret,
685 1730 839 1808 complexa
860 1728 990 1787 medium
1017 1727 1119 1786 mundi

248 1797 346 1864 locum.
369 1804 414 1864 Illi
429 1824 525 1867 autem
543 1807 733 1874 ottocursus,
757 1830 767 1866 1
793 1811 822 1864 in
841 1808 944 1884 quibus
957 1807 1058 1866 eadem
1074 1810 1119 1866 vis

247 1881 1122 1967 estduorum‚septemefficiuntdistindosintervaiiissonos;

248 1965 291 2043 qui
302 1985 433 2025 numerus
446 1988 542 2027 rerum
556 1972 684 2036 omnium
697 1967 757 2026 fere
769 1967 862 2026 nodus
876 1965 935 2026 est:
952 1962 1031 2045 quod
1042 1965 1120 2024 dotti

246 2042 371 2106 homines
392 2051 487 2107 nervis
506 2051 621 2118 imitati,
644 2068 729 2127 atque
745 2047 893 2119 cantibus,
911 2064 1052 2126 aperuere
1064 2046 1119 2104 sibi

238 2126 363 2198 ¹reditum
381 2127 411 2187 in
427 2128 502 2187 hunc
525 2131 621 2188 locum
639 2150 647 2189 r
670 2132 743 2187 sicut
767 2128 832 2196 alii,
855 2128 905 2207 qui
924 2124 1119 2206 praestantibus

245 2205 380 2288 ingeniis,
407 2210 436 2268 in
457 2213 516 2269 vita
534 2212 674 2280 humana,
694 2209 792 2267 divina
816 2207 907 2267 studia
926 2209 1089 2268 coluerunt.

255 2299 257 2304 '
283 2308 327 2370 ¹3·
346 2287 415 2349 Hoc
435 2289 527 2349 sonitu
548 2290 674 2369 oppletae
690 2310 771 2349 aures
791 2291 939 2349 hominum
952 2285 1116 2348 obsurdue-

245 2385 324 2441 runt3
344 2388 398 2429 nec
416 2369 456 2429 est
471 2370 545 2429 ullus
562 2372 694 2430 hebetior
717 2370 810 2430 sensus
822 2374 850 2429 in
862 2370 966 2431 vobis:
985 2372 1055 2430 sicut
1068 2367 1118 2429 uhi

245 2444 322 2509 Nilus
342 2450 378 2509 ad
394 2451 464 2523 illa,
485 2473 549 2531 quae
572 2474 588 2511 2
614 2450 764 2530 Catadupa
786 2453 986 2518 nominantur,
1013 2453 1119 2527 praeci·

245 2529 358 2607 pirates
372 2529 507 2592 altiffitnis
521 2532 688 2601 montibus,
715 2550 748 2589 ea
769 2551 856 2610 gens,
884 2551 947 2609 quae
970 2530 1048 2587 iilum
1073 2531 1118 2588 lo·

246 2628 305 2669 cum
332 2612 457 2682 accolit,
490 2632 608 2692 propter
631 2613 857 2691 magnitudinem
883 2607 1009 2679 sonitus,
1038 2608 1119 2667 sensu

245 2690 372 2752 audiendi
393 2710 480 2754 caret.
505 2693 561 2752 Hic
582 2694 654 2752 veto
673 2710 767 2751 tantus
789 2688 829 2749 est
852 2691 939 2748 totius
959 2688 1058 2746 mundi
1076 2689 1119 2747 in·

245 2769 398 2832 citatiffimd
421 2776 613 2833 conversione
634 2774 759 2850 sonitus,
784 2790 815 2830 ut
835 2775 900 2828 eun‘t
923 2786 1004 2826 autes
1024 2768 1120 2826 homi-

244 2869 307 2911 uum
328 2873 433 2932 capere
451 2876 509 2913 non
532 2853 656 2933 poffint3
678 2855 751 2912 sicut
776 2852 877 2909 intueti
903 2847 992 2907 solem
1014 2848 1120 2908 adver·

244 2929 297 2991 sum
321 2936 466 3013 nequitis,
498 2933 614 3014 ejusque
635 2934 719 2993 radiis
745 2936 820 2991 acies
841 2930 936 2990 vestra
965 2928 1121 3007 sensusque

244 3014 370 3074 vincitur.
388 3015 457 3074 Haec
472 3035 526 3095 ego
545 3017 705 3095 admirans,
730 3013 890 3074 referebam
906 3029 1002 3070 tumen
1015 3010 1119 3070 oculos

245 3093 275 3153 td
294 3113 399 3156 terram
419 3096 590 3156 identidem.
1107 3105 1110 3112 '

279 3173 331 3234 vt.
362 3173 442 3235 Tum
468 3175 642 3248 Africanus,
672 3174 793 3248 Sentio,
822 3174 933 3255 inquit,
964 3187 993 3231 te
1020 3169 1119 3231 sedern
1151 3205 1171 3224 ..

244 3317 319 3372 huntur
338 3333 450 3373 veteres:
473 3339 524 3373 nant
544 3325 608 3374 anter
624 3339 662 3373 re·
695 3323 741 3375 scil.
757 3323 781 3372 dr
798 3324 883 3387 gravit.

243 3388 353 3438 centiores
365 3388 389 3437 u
402 3388 516 3439 acutiores
526 3390 663 3451 philosophi.
728 3403 743 3438 2
766 3388 829 3455 Qunx
840 3390 972 3453 catadupa.
993 3387 1056 3438 Luce
1072 3386 1121 3445 ὦ

276 3465 285 3499 1
313 3451 341 3500 In
363 3454 443 3514 quibus
475 3456 552 3502 eadem
574 3459 611 3503 vis
633 3455 663 3513 est
694 3454 800 3521 thiop'toe,
818 3452 880 3519 juxta
899 3451 1090 3509 Nilicnttraiirs.

244 3513 444 3586 trasimunde
458 3516 583 3585 sonorum,
599 3519 662 3573 acuti
1107 3557 1111 3564 -
