2817 4267
200 487 204 494 ,
295 430 358 504 πᾳ
563 413 890 484 .Sonnrud

294 526 365 588 loco
378 520 523 596 vidimur·,
535 519 568 585 δι
582 543 624 584 eae
643 526 853 608 magnitudines
865 521 996 585 omnium
1008 528 1024 598 ζ·
1039 528 1114 606 'qum
1123 515 1188 590 est

249 644 253 651 ·
296 624 456 686 numquam
475 604 603 684 suspicati
621 602 737 665 sumus:
765 627 801 667 ex
826 607 927 686 quibus
945 621 1005 664 etat
1024 606 1075 665 ille
1096 607 1184 665 mini·

296 707 365 757 ma,
386 707 448 765 quae
468 705 481 765 5
507 686 607 745 ultima
626 707 644 744 a
664 688 742 746 coelo
753 730 765 759 ,
784 688 884 746 citima
902 687 1004 757 terris,
1023 685 1183 745 luceluce·

296 766 347 827 bat
360 766 462 827 alieni.
479 764 631 825 Stellarum
647 786 744 825 autem
758 768 837 848 globi
856 786 939 826 terrae
954 765 1183 846 magnitudinem

288 845 383 906 ‘facile
409 847 575 906 vincebant.
600 845 664 907 lam
685 846 745 927 ipsa
763 865 837 906 terra
858 850 897 906 ita
919 847 989 905 mihi
1008 866 1101 926 parva
1115 843 1185 906 nist

299 924 361 997 ell,
381 944 413 986 ut
436 947 484 987 me
508 929 620 1007 imperii
637 926 744 1000 nostri,
775 941 834 1007 quo
861 930 942 1008 quusi
963 926 1102 1007 punslum
1122 923 1185 1006 ejuu

294 1008 486 1087 attingimus,
507 1008 673 1087 poeniteret.

342 1086 396 1146 lV.
417 1086 517 1167 Quum
534 1108 623 1167 quum
643 1087 734 1168 magis
755 1088 903 1161 intuerer,
930 1084 1063 1165 Quam,
1091 1086 1188 1167 inquit

298 1164 472 1241 'Asticauun
485 1168 634 1249 quousque
645 1168 727 1227 humi
736 1166 887 1228 defixa-tua
902 1170 1048 1228 menterit
1060 1166 1072 1225 2
1086 1186 1188 1227 noune

301 1248 423 1330 adspicis
434 1292 447 1319 ,
458 1269 522 1328 quae
536 1250 564 1308 in
576 1248 685 1329 templa
701 1249 835 1309 veneris?
852 1268 963 1309 novem
979 1247 1030 1307 tibi
1042 1247 1188 1320 orbibut',

306 1349 321 1389 1
348 1331 398 1390 vel
422 1332 518 1409 potibs
561 1329 654 1403 lehis,
676 1349 808 1390 connexu
829 1329 891 1390 sunt
913 1330 1031 1389 omnia:
1059 1339 1190 1409 quorum·

299 1430 377 1471 unus
398 1410 439 1469 eil
455 1410 528 1470 totle
555 1414 599 1483 's,
618 1413 763 1483 extimus,
777 1412 825 1491 qui
845 1411 973 1489 reliquos
986 1429 1088 1470 omnes
1101 1428 1188 1468 com·

303 1490 458 1570 plebi-tur,
476 1488 602 1551 summus
618 1487 679 1569 ipse
697 1489 801 1562 Deus,
819 1511 918 1550 arcens
937 1491 968 1551 ἃ
981 1491 1190 1549 eontineusee·

304 1589 384 1629 teros
395 1592 405 1643 3
425 1572 453 1628 in
474 1592 534 1651 quo
552 1568 634 1629 infixi
653 1569 716 1630 suut
736 1571 797 1640 illi,
827 1574 875 1651 qui
895 1569 1075 1640 volvuntur,
1093 1568 1190 1629 {lellu-

303 1670 369 1709 runu
390 1648 485 1709 cursus
504 1649 693 1732 sempiterni:
710 1653 756 1709 eui
774 1648 968 1729 subjedlisunt
987 1649 1120 1729 septem,
1139 1650 1190 1731 qui

301 1728 452 1790 uersentur
472 1748 554 1791 retro
573 1753 590 1791 2
610 1732 758 1790 contrario
773 1749 877 1800 motu,
899 1749 987 1813 utque
1004 1730 1133 1794 eoelum:
1153 1750 1189 1790 ex

327 1810 409 1870 uibus
429 1831 518 1870 unum
538 1811 658 1892 globum
673 1810 797 1891 poffidet
819 1812 884 1882 illa,
910 1831 995 1893 quam
1017 1831 1031 1891 3
1055 1812 1084 1869 in
1105 1813 1189 1870 terris

304 1829 464 1951 saturniam
478 1896 645 1951 nominant:
664 1892 771 1951 deinde
782 1890 822 1952 est
831 1893 982 1952 hominum
993 1892 1096 1971 generi
1109 1890 1190 1971 pros·

305 1993 393 2052 petus
413 1974 444 2033 &
461 1972 587 2033 salutaris
605 1972 651 2031 ille
667 1970 782 2053 fulgor,
805 1974 855 2052 qui
877 1974 979 2032 dicitur
998 1971 1080 2032 Iovis
1099 1990 1193 2031 :tum

305 2054 427 2123 rutilus,
448 2052 647 2134 horribilisque
668 2055 770 2124 terris,
791 2073 877 2132 quem
898 2053 1026 2126 Martem
1045 2053 1152 2112 dicitis.
1176 2087 1180 2092 ·

354 2152 401 2194 tu.
417 2132 535 2193 Deinde
554 2133 649 2193 subter
666 2134 791 2192 mediam
813 2132 875 2193 fere
892 2136 1042 2213 regionem
1054 2131 1107 2192 Sol
1130 2132 1191 2193 ub·

305 2214 399 2284 tinet,
419 2214 498 2282 dux,
518 2214 550 2273 ὅ(
566 2217 719 2291 princeps,
739 2216 769 2274 ὁ(
782 2214 949 2274 moderator
960 2213 1101 2274 luminum
1121 2213 1191 2273 reli*

307 2312 453 2372 quorum,
477 2312 560 2352 mens
580 2296 697 2360 mundi,
722 2296 792 2366 4&
814 2311 872 2353 tem
897 2297 1007 2365 erario,
1028 2293 1109 2353 tanti
1131 2301 1199 2366 mn'

307 2372 477 2454 gnitudine,
504 2389 535 2430 ut
554 2372 654 2432 cunila
671 2372 719 2433 suit
737 2373 800 2432 luce
817 2318 955 2446 illuster,
974 2376 1005 2436 δι
1024 2374 1197 2454 complenti

306 2454 384 2514 hunc
401 2469 433 2511 ut
449 2455 571 2514 comites
598 2453 827 2592 conseguuntur‚
859 2456 932 2515 ulter
949 2455 1096 2526 Veneris,
1119 2456 1197 2514 alter

303 2533 449 2604 ¹Mercurii
470 2534 587 2594 cursus:
608 2538 639 2593 in
657 2539 685 2593 in
711 2555 817 2615 moque
831 2536 903 2597 orbe
915 2535 1011 2607 Luna,
1034 2536 1122 2595 radiis
1138 2534 1195 2596 So-

306 2617 345 2675 lis
363 2614 481 2674 accensa
498 2616 706 2675 convertitur:
737 2616 810 2674 infra
837 2634 934 2677 autem
954 2615 1011 2694 jam
1037 2617 1109 2675 nihil
1131 2613 1195 2690 est,

307 2697 363 2755 nisi
375 2697 497 2757 mortale
514 2699 545 2757 ἃ
562 2696 722 2765 caducum,
735 2714 839 2775 praetet
855 2700 966 2757 animos
978 2698 1076 2778 generi
1092 2698 1195 2757 homi·

307 2796 399 2846 num,
420 2795 541 2836 munere
551 2776 674 2837 deorum
687 2776 780 2835 datos.
795 2774 885 2853 Supra
900 2778 996 2836 lunam
1009 2776 1069 2852 sunt
1084 2797 1194 2839 aetetna

307 2858 419 2916 omnia.
437 2856 513 2915 Nam
536 2875 586 2926 ea,
613 2874 628 2935 ς
649 2875 712 2937 quae
731 2856 772 2916 est
793 2856 906 2931 media,
930 2860 962 2920 δι
982 2878 1059 2917 nona
1079 2859 1193 2932 tellus,

345 3014 356 3061 ς
378 2999 469 3066 Ultima
480 3017 494 3046 a
505 2998 570 3052 culo.
598 2999 659 3049 lun'a
677 2998 736 3048 iuter
767 3000 823 3052 lun.
840 3001 919 3066 Qulm
937 2999 1040 3052 toelellis
1052 3000 1118 3053 orbis
1137 3001 1196 3056 exti-

307 3062 414 3132 planetus
424 3064 502 3113 lotum
513 3063 614 3113 ultimum
627 3063 735 3123 obtinet,
769 3080 831 3120 rutis.
845 3066 866 3115 in
879 3079 925 3131 quo
939 3064 988 3116 bre
998 3065 1047 3116 sunt
1057 3066 1130 3118 flellae
1139 3069 1195 3119 iuer·

309 3144 361 3194 qun
371 3129 475 3192 prount
485 3128 563 3190 terris,
576 3128 652 3186 lucent
663 3142 676 3177 a
688 3127 736 3179 sole
768 3131 856 3181 rumen

308 3205 433 3245 mutuatur.
802 3208 817 3257 3
840 3195 866 3242 ln
885 3198 981 3246 terris...
1004 3199 1139 3248 nominant.
1158 3195 1197 3247 Sic

347 3274 357 3308 t
391 3257 436 3308 Vel
455 3256 534 3323 potiris
552 3258 637 3323 globis.
662 3257 735 3309 Terra
769 3259 793 3308 ἃ
812 3258 1196 3327 ulrbisnpius,quiriuliterudiu

310 3323 385 3380 enim.
400 3336 468 3388 quam
484 3336 587 3376 numerat
606 3324 627 3372 in
648 3337 735 3373 novem
769 3324 908 3375 nominetur.

311 3389 425 3448 orbibus,
438 3402 483 3440 non
496 3388 528 3439 esl
539 3386 614 3444 orbis,
632 3388 670 3439 sed
682 3390 735 3454 glo·
801 3388 858 3448 4Et
867 3392 1008 3454 temperatio.
1025 3389 1102 3455 Qubd
1112 3390 1196 3441 coelum

311 3451 365 3505 bus.
769 3452 793 3504 ὃ(
806 3466 886 3502 terram
899 3455 977 3505 calore
990 3454 1030 3503 suo
1041 3467 1167 3518 temperat.

343 3531 360 3569 2
380 3518 503 3569 Controrr'o
522 3531 600 3581 mutu,
619 3532 737 3584 atqueca-
803 3531 813 3586 5
839 3518 896 3587 Qua
914 3520 944 3585 ess
961 3521 1048 3578 media.
1065 3519 1195 3589 Uloplua·
