2817 4267
302 405 364 477 282
529 408 950 473 Tuscusananurt

302 520 372 591 det,
402 531 435 579 ut
453 514 543 587 istos,
570 515 654 576 lateri
673 513 784 577 nescire
805 514 888 596 quod
912 509 1049 573 nesciam.
1069 507 1146 572 illud
1168 510 1188 590 ri

302 600 361 661 ulla
369 599 423 660 alia
429 598 467 660 de
477 620 507 660 re
519 594 789 663 obscuraaffirmare
797 594 926 678 pollem,
935 596 1122 667 siveanima,
1131 596 1188 656 sive

302 683 438 763 ignisrsit
457 684 588 754 animus,
612 701 680 740 curn
705 678 832 761 jurarem
855 676 913 738 elle
941 678 1088 737 divinum.
1110 673 1187 756 Quid

303 761 405 824 enim?
426 762 550 823 obsecro
565 779 616 823 te:
635 763 748 823 terrane
760 761 831 833 tibi,
852 767 901 819 aul
918 759 975 820 lroc
996 757 1142 819 nebuloso
1159 757 1187 818 u

302 844 461 926 caliginoso
478 846 579 916 coelo,
602 861 651 904 aut
668 842 740 913 sata,
764 859 813 904 aut
833 857 968 904 concreta
984 841 1105 901 videtur
1117 857 1189 914 tanta

301 927 349 992 uis
361 927 531 987 memoria?
549 924 598 999 Si,
618 926 690 1008 quid
703 925 830 1001 sithoc,
847 945 907 985 non
920 924 1024 984 vides:
1038 939 1090 994 at,
1109 920 1189 1002 quale

302 1007 357 1077 ait,
376 1001 518 1068 vides.'Si
528 1028 564 1067 ne
577 1008 607 1066 id
619 1007 757 1132 guidem:
774 1024 819 1078 at,
838 1023 978 1087 quantum
989 1007 1047 1075 sit,
1060 1001 1191 1085 profeslll

304 1090 403 1151 vides.
430 1088 515 1168 Quid
535 1090 636 1170 igitur.
658 1108 754 1150 utrum
772 1110 783 1148 r
800 1089 990 1170 capacitatem
1014 1087 1054 1145 ali
1078 1105 1146 1145 uam
1166 1085 1194 1144 iu

222 1209 224 1214 ,
301 1173 402 1231 animo
421 1191 553 1252 putamus
574 1169 649 1243 esse,
675 1171 736 1252 qui)
752 1189 888 1251 tanquam
900 1172 930 1229 in
950 1108 1076 1250 aliquod
1092 1188 1145 1227 vas
1161 1186 1194 1226 ea

303 1272 369 1332 quae
386 1256 591 1325 meminimus,
604 1250 812 1314 infundantur?
828 1250 997 1312 Absurdum
1009 1249 1042 1309 id
1054 1249 1194 1330 quidem;

303 1338 354 1415 qui
375 1337 453 1395 eninr
477 1333 604 1407 fundus,
621 1351 670 1394 aut
686 1355 751 1415 quae
769 1332 833 1394 talis
852 1335 939 1393 animi
961 1331 1058 1413 ligura
1077 1329 1194 1410 intelligi

303 1416 424 1510 potest?
448 1436 496 1477 aut
511 1437 575 1498 quar
593 1434 671 1476 tanta
686 1418 808 1477 omnino
820 1415 986 1497 capacitas?
1003 1413 1055 1474 An
1070 1410 1193 1494 imprimi

206 1532 208 1536 Α
304 1501 389 1579 quasi
406 1519 503 1559 cerarn
516 1502 644 1558 animum
659 1517 814 1578 putamus,
831 1499 864 1559 &
878 1497 1054 1559 memoriam
1073 1493 1131 1555 esse
1143 1495 1193 1575 sig·

305 1597 438 1640 natarum
453 1599 552 1641 return
569 1582 600 1639 in
622 1599 723 1639 mente
739 1578 877 1659 vestigia?
898 1578 977 1657 Quae
1000 1574 1191 1659 poffuntvct·

214 1666 217 1671 ’
304 1661 429 1729 borum,
446 1681 511 1741 quae
528 1680 625 1720 rerum
640 1659 765 1741 ipsarum
784 1659 841 1720 elle
859 1658 1002 1742 vestigia?
1016 1678 1085 1738 quae
1106 1655 1190 1739 porri

303 1757 366 1800 tam
390 1741 529 1802 immensa
549 1741 740 1824 magnitudo,
768 1763 833 1823 quae
850 1742 899 1801 illa
913 1762 973 1802 ram
993 1740 1088 1800 multa
1112 1735 1192 1820 poffit

304 1819 463 1904 effingere?
485 1821 589 1904 Quid?
601 1822 649 1884 illa
660 1825 706 1883 vis
725 1844 789 1904 quae
801 1825 919 1884 tandem
933 1820 995 1895 esi,
1015 1843 1083 1903 quae
1101 1817 1190 1881 inves·
1214 1839 1217 1846 ·

304 1905 376 1986 rigat
386 1905 521 1979 occulta,
542 1926 607 1985 quae
624 1907 758 1964 inventio
772 1906 994 1988 &excogitatio
1008 1902 1134 1965 dic-itur?
1155 1900 1194 1961 Ex

305 1986 399 2047 hacne
410 1987 463 2047 tibi
477 1986 592 2048 terreni
604 1986 779 2067 mortalique
794 1989 895 2047 natura
908 1986 1065 2048 &caduci
1076 2003 1193 2045 concre-

307 2085 337 2127 ta
353 2087 387 2129 ea
403 2068 543 2129 viderur?
561 2086 610 2129 aut
625 2070 675 2150 qui
692 2070 821 2149 primus,
844 2070 924 2150 quod
940 2067 1061 2127 summae
1082 2066 1191 2147 sapien·

306 2151 354 2209 ria
377 2148 551 2232 Pythagorae
573 2149 666 2210 visum
696 2149 756 2223 est,
781 2152 918 2211 omnibus
946 2151 1035 2210 rebus
1058 2147 1194 2230 imposuit

306 2231 449 2292 nomina?
472 2249 521 2291 aut
542 2229 753 2311 quidiffipatos
774 2234 907 2293 homines
923 2233 1137 2313 congregavit,
1164 2230 1192 2292 ἃ

306 2312 344 2371 ad
357 2310 524 2370 societatem
543 2314 612 2370 virae
631 2316 830 2375 convocavit?
851 2333 900 2374 aut
917 2315 968 2395 qui
989 2312 1078 2373 sonos
1092 2313 1193 2385 vocis,

308 2394 359 2472 qui
378 2390 482 2452 infiniti
504 2393 700 2465 videbantur,
720 2398 819 2475 paucis
835 2396 982 2456 literarum
1002 2398 1082 2455 notis
1096 2396 1194 2455 termi-

308 2473 410 2535 navit?
422 2494 470 2533 aut
481 2477 530 2555 qui
541 2497 557 2535 2
569 2477 726 2536 errantium
738 2474 883 2537 stellarum
895 2478 1011 2550 cursus,
1025 2474 1194 2558 progreffio·

309 2576 380 2629 nes,
401 2578 415 2637 3
439 2555 598 2617 institiones
616 2559 746 2618 notavit?
772 2558 888 2619 Omnes
911 2562 1026 2641 magui:
1045 2563 1135 2619 etiam
1155 2557 1194 2616 su-

308 2641 460 2719 periotes,
477 2641 525 2721 qui
545 2638 642 2719 fruges
652 2682 661 2710 ‚
673 2642 722 2717 qui
734 2638 892 2712 vestitum,
904 2643 954 2723 qui
967 2640 1058 2712 recta,
1070 2642 1120 2722 qui
1133 2641 1193 2699 cul·

308 2736 371 2779 turn
383 2722 449 2779 vitae
459 2768 468 2791 ‚
479 2725 526 2801 qui
538 2720 670 2799 praesidia
682 2737 782 2781 contra
801 2721 876 2781 seras
890 2724 1084 2794 invenerunr3
1102 2723 1118 2781 al
1131 2722 1195 2803 qui·

308 2802 363 2861 bus
384 2801 565 2882 mansuesasli
585 2802 617 2862 δι
639 2803 764 2873 exculti,
788 2802 805 2861 ir
826 2804 985 2864 necessariis
1003 2801 1134 2863 artificiis
1160 2802 1194 2862 ad

309 2884 488 2966 elegantiora
512 2884 696 2944 defluximus.
731 2882 809 2944 Nam
837 2887 869 2946 δι
897 2885 1014 2945 auribus
1041 2884 1196 2956 obleslatio
1234 2949 1236 2954 ,

309 2986 413 3046 magna
446 2981 525 3046 parta
549 2963 619 3034 est,
655 2964 775 3024 inventri
804 2967 836 3025 &
866 2968 1029 3046 temperati
1059 2970 1196 3030 varietate

310 3048 343 3108 δι
356 3049 456 3106 ηειωιέι
468 3046 624 3117 sonorum
647 3045 680 3106 ὰ
697 3044 769 3105 aslra
789 3045 984 3128 suspeximus,
1006 3068 1069 3107 tum
1087 3069 1122 3107 ea
1136 3069 1203 3130 qua.

309 3129 375 3191 sunt
391 3127 478 3189 infixa
499 3130 586 3188 certis
603 3122 699 3199 locis,
714 3145 777 3189 tum
788 3129 854 3202 illa,
883 3151 978 3207 4non
1000 3149 1050 3204 te,
1068 3129 1119 3190 sed
1140 3153 1196 3192 vo·

344 3251 355 3284 1
371 3236 529 3298 capacitatem
546 3230 663 3299 aliquan,
690 3244 737 3282 uue
770 3221 799 3282 re⁴
813 3232 887 3283 videri
903 3247 983 3284 norum
1000 3235 1050 3284 esi:
1065 3234 1133 3287 Unde
1147 3248 1198 3287 cum

308 3300 393 3365 aspere
407 3298 436 3349 de
453 3296 577 3349 rsservoir.
621 3319 623 3322 ·
772 3295 879 3347 llanurio
890 3299 915 3348 &
926 3297 1020 3349 Davisro
1029 3299 1128 3361 legimus
1141 3302 1200 3353 insli-

310 3417 313 3421 ,
342 3382 359 3415 2
368 3363 643 3427 Erranrr‘umstellarum.
657 3364 737 3431 plane·
770 3363 848 3414 tiones
859 3378 901 3426 pro
915 3363 1011 3428 vulgato
1022 3365 1186 3419 institutiones.

310 3440 395 3483 tarum.
801 3446 818 3491 4
830 3428 887 3477 Non
898 3448 933 3486 re,
941 3431 993 3495 sed,
1004 3431 1054 3481 dte.
1069 3427 1136 3483 Juxta
1151 3434 1199 3498 pla·

344 3496 506 3559 3lrstr'riorres.
514 3492 687 3547 planetarum
695 3496 738 3547 lla·
769 3496 863 3545 romeos
871 3534 877 3553 ,
886 3494 955 3546 llellae
967 3497 1070 3545 erratica
1082 3512 1130 3549 non
1142 3512 1201 3565 vago

308 3560 735 3632 remunrrrgrerli,uuoepracutte·
769 3559 898 3625 motu,sed
906 3562 974 3614 certis
982 3561 1072 3628 legibus
1080 3564 1204 3629 agitantur.
