2817 4267
537 352 829 416 ‚Lraertl
912 357 916 362 '
1080 371 1138 434 271

226 463 415 531 demente,
448 454 518 539 quid
542 475 555 517 ι
579 458 675 539 elogia
694 456 873 539 significant,
898 454 953 518 nisi
970 477 1024 518 nos
1045 455 1140 521 futura

259 542 336 622 etiam
358 540 508 622 cogitare?
531 537 615 618 Quid
625 539 719 600 illud?
738 562 806 600 num
826 541 961 612 dubitas,
986 542 1054 621 quin
1074 540 1142 621 spe·

261 623 346 684 cimen
364 642 474 684 naturae
495 625 560 702 capi
577 623 679 682 deceat
700 642 736 682 ex
756 625 868 703 optima
881 643 995 704 quaque
1015 622 1139 684 natural

263 699 329 782 Quae
352 703 500 785 elligitur
527 705 631 764 melior
657 706 687 763 in
717 704 868 764 hominurn
894 723 1001 786 genere
1022 722 1141 779 natura,

214 859 216 864 Ι
264 783 336 923 quim
351 806 456 848 eorum
468 783 557 864 quise
577 805 659 845 natos
669 785 705 845 ad
716 785 848 846 homines
858 784 1024 864 juvandos,
1044 803 1140 846 tutan·

280 887 322 941 or,
332 868 552 928 conservandos
561 867 749 950 arlpitranrur?
764 868 843 927 Abiit
852 867 888 927 ad
898 868 969 927 deor
979 867 1139 929 Hercules:

215 953 232 1034 'k
265 963 411 1030 numquam
431 947 559 1023 abiisset,
588 948 659 1022 nili,
691 952 759 1009 clun
787 953 861 1010 inter
883 950 1016 1009 homines
1044 948 1140 1023 ellet,

263 1044 314 1090 eam
326 1033 381 1092 sibi
394 1032 475 1091 viam
491 1029 662 1093 munivisset.
675 1029 786 1091 Vetera
795 1029 854 1113 jam
865 1029 932 1100 illa,
949 1032 981 1092 &
997 1030 1139 1113 religione

262 1115 384 1187 tmuium
408 1111 583 1174 consecrata.

291 1194 359 1256 XV.
386 1193 471 1273 Quid
488 1197 518 1254 in
530 1195 583 1255 hac
597 1194 745 1272 republica
763 1211 808 1254 tot
826 1192 977 1275 tantosque
995 1193 1075 1252 viros
1098 1191 1139 1252 ob

193 1303 200 1352 ς
255 1277 461 1357 rempublicam
475 1276 640 1338 interledlos
652 1274 788 1359 cogitasse
800 1272 988 1336 arbitramur?
1000 1273 1141 1333 iisdemne

254 1371 282 1418 ut
303 1358 410 1420 linibus
439 1379 549 1419 nomen
575 1358 677 1427 suum,
708 1359 812 1439 quibus
833 1359 894 1417 vita
914 1352 1140 1415 terminaretur?

250 1432 349 1502 Nemo
363 1436 505 1523 umquam¹
523 1440 583 1501 srne
603 1462 705 1523 magna
727 1439 777 1520 spe
794 1438 1019 1500 immortalitatis
1036 1440 1063 1497 le
1085 1455 1139 1518 pro

249 1525 340 1601 patria
352 1522 475 1594 offerret
492 1523 529 1583 ad
545 1543 680 1583 mortem.
699 1523 798 1583 Licuit
813 1520 870 1583 esse
888 1519 986 1582 otioso
1000 1516 1140 1580 Themis-

248 1604 319 1665 tocli
329 1627 347 1679 3
357 1606 438 1665 licuit
451 1605 679 1685 Epaminondae3
695 1606 791 1678 licuit,
810 1626 846 1665 ne
862 1605 893 1666 &
908 1623 1026 1676 vetera,
1040 1603 1072 1663 &
1086 1621 1139 1662 ex·

248 1700 332 1746 terna
347 1708 490 1766 quaeram,
509 1689 597 1748 mihi:
612 1686 662 1748 sed
682 1687 780 1748 nescio
800 1686 952 1767 quomodo
965 1686 1086 1746 inhaeret
1108 1686 1138 1745 in

247 1768 397 1838 mentibus
417 1770 497 1850 quasi
521 1768 683 1829 seculorum
709 1768 858 1850 quoddam
886 1789 920 1826 au
943 1770 1035 1827 urium
1062 1767 1139 1825 futu·

249 1869 370 1923 rorum3
394 1851 482 1933 idque
500 1851 530 1910 in
552 1853 684 1911 maximis
705 1851 843 1933 ingeniis,
861 1788 1055 1930 altisimisque
1075 1847 1139 1905 ani·

251 1935 303 1994 mis
321 1930 418 1994 existit
429 1934 571 2007 maxime,
591 1936 622 1995 &
640 1951 760 2015 apparet
776 1930 920 1993 facillime.
931 1927 1006 2009 Quo
1018 1927 1140 2009 quidem

250 2013 392 2096 dempto;
413 2018 476 2097 quis
498 2033 557 2075 tam
571 2014 639 2087 elle'r
656 2035 776 2088 amens,
797 2016 847 2095 qui
870 2010 985 2091 semper
1009 2011 1039 2069 in
1057 2009 1141 2070 labo·

250 2096 326 2158 ribus
349 2097 382 2159 δι
408 2098 544 2176 periculis
567 2096 708 2158 viveret?
736 2096 856 2180 Loquor
884 2095 921 2153 de
951 2091 1139 2174 principibus.

249 2175 331 2260 Quid
352 2180 467 2261 polite?
489 2201 587 2242 nonne
615 2177 680 2262 post
700 2195 827 2240 mortem
847 2174 995 2239 nobilitari
1015 2172 1141 2249 voluntl,

249 2263 324 2323 unde
343 2257 416 2344 ergo
437 2283 453 2322 2
470 2261 567 2322 illud?

210 2440 213 2444 ⁸
247 2362 391 2451 Aspicite,
409 2368 425 2427 d
447 2370 539 2443 cives,
553 2354 628 2446 sertis
649 2369 738 2429 Ennii
758 2369 883 2448 imagini'
893 2367 1034 2446 fhrrnarn:

284 2455 347 2513 Hic
359 2450 474 2532 cesluim,
483 2453 727 2530 panxirmoxima
741 2448 820 2529 falla
831 2470 949 2529 patrum.

287 2555 463 2622 Mercedem
490 2555 589 2635 gloriae
609 2554 719 2636 flagitat
745 2554 781 2615 ab
811 2555 863 2626 iis,
890 2575 1016 2636 quorum
1040 2571 1136 2636 patrea

246 2637 383 2700 affecerat
401 2637 502 2718 gloriai,
522 2636 685 2717 Idemque,

243 2736 334 2804 Nemo
358 2764 398 2801 mc
418 2741 549 2818 lacrymis
566 2743 686 2810 decoret,
709 2762 757 2801 nec
770 2737 871 2820 funem
882 2743 952 2819 fletu

282 2823 384 2887 Faxnss
404 2827 481 2883 sur?
499 2823 587 2882 volito
610 2824 690 2881 vivu’
707 2845 756 2902 per
777 2845 824 2882 ora
843 2824 940 2883 vistim.

284 2926 345 2988 Sed
358 2926 430 3008 quid
449 2924 571 3005 po'e'tas?
591 2924 726 3005 Opifices
747 2927 834 2986 etiam
853 2928 1060 3007 postmortem
1077 2952 1135 2992 no·

239 3010 349 3072 bilitari
369 3008 485 3068 volunt.
511 3006 596 3085 Quid
620 3011 697 3066 enim
723 3006 836 3068 Phidias
858 3003 898 3069 sui
921 3011 1044 3071 similem
1068 3012 1134 3095 spe·

239 3093 318 3152 ciem
332 3088 448 3149 inclusit
462 3091 491 3148 in
506 3090 616 3169 clypeo
630 3088 792 3160 Minervae,
810 3093 876 3151 clim
897 3091 1052 3155 inscribere
1070 3116 1132 3155 non

239 3169 366 3233 liceret?
391 3169 476 3250 Quid
494 3168 583 3230 nostri
607 3168 791 3251 philosophi?
817 3194 915 3235 nonne
936 3178 964 3233 in
989 3177 1030 3234 his
1052 3177 1132 3237 libris

238 3256 328 3334 ipsis,
355 3272 430 3334 quos
455 3250 581 3314 scribunt
605 3252 641 3311 de
664 3255 878 3313 contemnenda
901 3256 991 3336 gloria
1006 3256 1053 3315 sua
1077 3279 1131 3317 no·

236 3339 320 3397 mina
334 3334 513 3396 inscribunt?
540 3333 635 3414 Quod
654 3332 673 3393 st
693 3338 824 3396 omnium
847 3337 1000 3398 consensus
1022 3355 1130 3399 natura

271 3455 282 3490 ι
304 3438 416 3505 Eligia,
438 3425 487 3502 quae
511 3438 533 3489 in
556 3436 668 3505 exsequiis
734 3455 749 3487 2
768 3438 845 3500 iliad,
858 3440 963 3506 strip-la,
987 3443 1129 3507 epitaphium

235 3517 385 3558 mortuorum
399 3502 494 3558 fiebant.
700 3503 766 3557 Ennii
777 3503 805 3556 ab
818 3506 865 3571 ipso
879 3506 1130 3566 sterfliovconllrullum.

879 3569 912 3630 M
928 3573 958 3634 iv
