2817 4267
475 410 650 482 Luae-n
689 417 921 474 ettnu'ts
1089 431 1135 498 39

256 535 307 591 tet,
323 515 358 580 δι
371 514 497 577 maximi
515 517 603 575 animi
620 516 659 575 ab
672 515 730 587 iia,
751 519 801 597 qui
820 516 992 598 respublicas
1011 536 1133 599 tegant,

214 641 216 652 ·
256 599 319 679 qubd
335 618 439 659 earum
456 596 665 657 administratio
684 596 822 657 latissimi
840 615 935 680 pateat
952 642 963 673 ,
980 600 1018 659 ad
1040 601 1135 679 pluri·

214 673 220 712 '⁵
255 678 360 760 tuusque
380 681 552 759 pertineat:
573 675 630 736 elle
646 694 744 737 autern
761 682 855 759 magni
872 683 981 752 animi,
1001 682 1031 742 dc
1051 677 1134 742 fuisse

257 760 345 820 mltos
367 762 461 820 etiam
487 761 520 818 in
550 760 612 817 vita
637 756 750 827 otiosa,
779 763 828 839 qui
845 777 893 819 aut
910 758 1138 842 investigarent,

221 867 223 872 ·
262 857 299 899 tut
319 857 506 902 conarentur
541 857 644 918 magna
673 838 835 918 quaedam,
872 838 989 921 seseque
1018 842 1132 902 litatum

267 938 340 992 term
349 920 465 983 finibus
476 923 681 992 continerent;
700 937 748 977 aut
761 918 904 989 interiecti
920 922 993 980 inter
1004 922 1101 1003 philos
1118 951 1134 973 ·

263 1001 317 1083 plut
326 1048 336 1078 ,
345 1004 380 1063 ἂ
395 1023 474 1074 eos,
495 1002 545 1080 qui
558 1001 765 1079 rempublicam
778 999 1022 1074 administrarent,
1035 1004 1134 1064 delec-

261 1097 370 1143 tarentur
392 1103 427 1142 te
448 1081 500 1140 lud
521 1079 675 1151 familiari,
697 1100 757 1139 non
775 1100 838 1140 eam
860 1083 979 1161 quidem
995 1086 1075 1143 omni
1088 1105 1132 1144 ra·

225 1233 227 1238 ¹
258 1164 323 1225 tiuue
347 1180 585 1244 exaggerantes,
616 1180 715 1241 neque
737 1161 922 1222 excludentes
941 1165 977 1223 ab
997 1165 1134 1242 ejutkulu

257 1240 330 1319 frou
347 1242 549 1325 petitisque&
562 1242 661 1301 amieis
674 1242 891 1321 impertientes,
907 1244 939 1305 ὃ(
951 1245 1134 1323 reipublicae,

258 1324 399 1405 tiquaudo
412 1324 482 1384 usus
495 1320 574 1383 ellet.
589 1320 669 1401 Quae
679 1325 802 1401 ptimbm
811 1324 887 1383 bene
897 1341 976 1403 parta
990 1326 1042 1394 sit,
1054 1325 1136 1386 nullu

243 1423 340 1486 ‚teque
355 1423 371 1487 3
383 1405 468 1486 turpi
481 1402 611 1484 quaestu,
625 1421 722 1484 neque
732 1402 836 1464 odioso
849 1424 857 1463 t
874 1423 935 1462 tum
970 1404 1035 1462 uim
1048 1403 1135 1483 pluri·

258 1486 318 1558 nis,
327 1484 425 1547 modb
437 1485 535 1565 dignis
546 1528 556 1555 ,
567 1482 595 1543 se
608 1484 708 1543 utilem
723 1486 864 1564 ptaebeat:
878 1424 984 1545 deinde
999 1503 1136 1565 augeatur

258 1567 380 1639 tatione,
400 1562 574 1647 diligentid,
600 1564 778 1642 parcimonid
795 1585 806 1638 3
830 1584 884 1645 nec
904 1566 1014 1625 libidini
1037 1567 1136 1646 poriltt

258 1643 457 1728 luxuriaque,
480 1642 566 1726 quam
584 1644 746 1703 liberalitati
765 1646 798 1707 dc
819 1643 1018 1707 beneficentiae
1031 1665 1136 1727 pateat.

258 1722 318 1788 Hac
341 1726 513 1806 prescripta
534 1722 697 1785 seruantem
719 1726 786 1785 licet
799 1726 949 1807 magnifici
963 1770 973 1800 ,
988 1731 1135 1867 praviter,

259 1806 375 1901 auimole
399 1826 439 1866 ue
454 1807 560 1899 uivere
577 1820 663 1900 atque
677 1805 764 1865 etiam
779 1807 970 1887 simplicitet,
1012 1808 1114 1868 delitet
1125 1849 1149 1879 ,.

257 1883 654 2046 ΝΞῗῧΙΙοἙὲᾙιῗίιῗΞκιιὲι
663 1964 700 2026 de
712 1986 768 2025 una
783 1966 893 2045 reliqua
909 1983 991 2046 patte
1003 1964 1145 2050 bonella·¹

258 2046 465 2109 dedicendum
482 2051 519 2105 sit
536 2089 546 2118 ,
570 2049 599 2105 itt
626 2068 682 2126 qua
698 2048 900 2119 verecundia,
920 2047 952 2105 &
972 2048 1053 2126 quasi
1068 2048 1135 2128 qui·

257 2128 313 2190 dam
330 2146 457 2190 ornatus
477 2129 568 2199 vita,
587 2127 826 2206 temperantia&
843 2124 983 2186 modestia
998 2168 1009 2197 ,
1030 2122 1137 2187 omnis·
1162 2131 1165 2135 “

257 2231 304 2292 que
319 2210 437 2270 sedatio
461 2208 708 2285 perturbationum
730 2208 839 2280 animi,
856 2208 888 2267 δι
910 2227 1006 2267 rerum
1029 2207 1136 2267 modus

258 2294 387 2351 tttnitur.
414 2287 483 2347 Huc
502 2290 570 2349 loco
590 2290 752 2347 continetur
769 2288 800 2346 id
821 2331 830 2359 ,
858 2288 937 2369 quod
960 2288 1015 2348 dici
1033 2288 1134 2349 Latini

258 2373 372 2431 brorum
391 2365 490 2449 potest
509 2389 517 2427 t
540 2366 643 2429 Graece
664 2372 741 2428 enim
758 2388 878 2449 operatu
902 2372 1016 2430 dicitur.
1034 2368 1131 2446 Hujus

258 2453 346 2512 vitea
366 2450 437 2519 est,
460 2464 492 2507 ut
513 2448 549 2509 ab
573 2446 695 2508 honesto
722 2468 780 2507 nou
797 2466 882 2529 queat
903 2448 1037 2531 separati.
1054 2451 1132 2511 Nam

257 2531 295 2671 &q
309 2530 392 2671 qqud
414 2529 531 2602 decet,
554 2527 707 2590 honestum
733 2528 795 2601 eli,
824 2531 857 2590 δι
877 2530 959 2609 quod
977 2530 1132 2591 botellum

258 2630 273 2671 e
304 2654 314 2683 ,
356 2626 433 2671 ecet.
812 2617 816 2626 '

255 2687 1134 2851 rallu‘iltllgssfflll{lllllllz’l‘llllqlilll

257 2856 353 2925 enim,
381 2852 463 2932 quod
483 2852 586 2911 deceat
606 2896 616 2925 ‚
636 2853 667 2911 id
688 2869 751 2910 tum
774 2866 919 2930 apparet,
940 2870 1035 2930 ¹quum
1054 2867 1134 2912 ante·

258 2933 342 3014 gressa
361 2932 402 2992 est
413 2931 556 2993 honestas.
573 2932 671 3012 ltaque
692 2952 751 2991 non
768 2930 857 2991 lolium
874 2932 902 2989 in
917 2931 969 2990 bac
983 2952 1063 3013 parte
1081 2932 1136 2994 lto·
1199 3006 1200 3010 Ἰ

258 3014 392 3082 testatis,
413 3013 451 3073 de
466 3034 523 3093 qua
543 3014 598 3073 ltoc
620 3014 687 3072 locu
708 3009 966 3080 differendumest,
984 3012 1134 3075 sedetiam

261 3114 271 3154 1
294 3097 324 3155 in
346 3095 438 3155 tribur
455 3091 669 3174 superioribus,
687 3094 757 3172 quid
775 3094 895 3164 deceat,
913 3112 1047 3173 apparet:
1067 3115 1135 3153 nam

259 3175 287 3236 dl
308 3178 421 3236 tatione
443 3178 484 3234 uti
505 3218 514 3247 ,
543 3193 626 3253 atque
645 3175 776 3234 oratione
799 3174 975 3253 prudentet;
997 3175 1136 3255 &agere

260 3258 335 3336 quod
351 3277 440 3340 agas,
456 3255 657 3328 considerati,
671 3256 810 3335 omnique
825 3275 854 3313 tn
867 3276 898 3315 te
915 3254 985 3337 quid
999 3257 1034 3314 ait
1052 3275 1116 3315 vett
1124 3297 1136 3325 ,

289 3396 300 3447 3
326 3384 400 3450 Turpi
432 3383 523 3449 qttaessu.
556 3380 675 3443 sordido,
744 3380 880 3431 lintribus
893 3381 1062 3447 firperr'oribus.
1079 3379 1135 3433 Plu·

257 3445 383 3501 bbouello.
410 3448 510 3515 odioso.
535 3447 619 3515 Qualis
642 3446 680 3501 eli
708 3445 900 3506 detruserunt,
917 3446 1014 3514 iullitia,
1032 3444 1133 3503 &luru-

258 3510 432 3570 lctuctatutum.
708 3510 797 3568 tudine.
812 3523 830 3586 j
