2817 4267
490 429 561 501 D!
599 417 882 502 Senserunt.
1066 441 1122 525 183

233 543 309 610 bosti
324 545 424 608 datam
438 543 637 618 conservaret3
658 563 717 607 non
736 545 795 607 duo
808 545 976 628 Scipiones,
997 547 1047 630 qui
1069 549 1127 608 iter

238 625 334 691 Poenis
354 629 407 689 vel
423 627 595 709 corporibus
613 625 667 708 suis
686 625 835 688 obstruere
853 629 1030 702 voluerunt,
1061 650 1125 690 nors

241 729 324 772 avum
345 727 429 770 tuum
444 707 476 768 1„
489 705 608 768 Paulum
618 751 626 778 ,
638 709 687 787 qni
700 727 795 769 morte
806 709 945 771 luitcolle
967 731 991 770 ae
1002 711 1031 769 in
1042 707 1124 771 Can·
1142 777 1146 784 ,

243 793 317 854 nensi
344 789 508 876 ignominia
534 790 748 863 temeritatem
774 809 834 851 non
862 789 907 851 M.
930 729 1126 866 nsarcellum,

244 872 316 954 cujus
327 873 482 934 inreritum
493 888 531 930 ne
543 869 757 930 crudelissimus
767 871 886 955 quidem
905 871 993 933 hosiis
1010 874 1125 934 bonore

194 1021 195 1026 η
247 953 389 1042 sepulturae
401 971 500 1013 carere
517 949 609 1033 paffus
620 950 660 1010 esi
672 973 679 1014 s
692 949 742 1010 sed
756 953 885 1033 legiones
897 953 1006 1015 nostras
1023 951 1127 1036 (quod

193 1043 195 1050 ⁴
247 1032 337 1116 scripsi
349 1057 371 1110 4
382 1035 412 1094 in
427 1029 622 1115 Originibus)
641 1033 671 1092 in
684 1052 752 1093 eum
767 1032 842 1115 saepe
860 1033 957 1094 locum
979 1035 1125 1116 prosesias

196 1175 200 1180 .
223 1123 225 1130 '
245 1118 322 1194 sistri
338 1119 440 1177 animo
463 1115 495 1176 &
518 1111 634 1186 eresio,
655 1114 733 1172 unde
754 1111 782 1174 se
804 1135 963 1194 numquam
984 1116 1125 1178 redituras

193 1199 200 1264 s
245 1197 456 1259 arbitrarentur.
469 1192 564 1272 Quod
578 1196 586 1253 i
609 1195 665 1253 ‘tur
680 1193 899 1269 adolescentes,
913 1198 945 1257 δι
961 1197 981 1254 ii
1004 1199 1126 1277 quidem

193 1333 198 1344 ,
244 1299 298 1339 non
317 1276 412 1339 solbm
433 1273 559 1346 indocti,
590 1274 627 1335 ed
645 1278 733 1336 etiam
749 1273 845 1336 rustici
859 1296 1071 1352 contemnunt,
1093 1277 1126 1338 id

194 1361 195 1366 '
243 1357 314 1420 dosii
334 1359 419 1420 senes
437 1355 648 1418 extimescens?
931 1393 936 1406 ι

279 1437 329 1520 76.
350 1439 488 1503 Omnino
511 1435 653 1520 (ut-mibi
666 1437 786 1520 quidem
801 1436 939 1517 videtur)
961 1432 1126 1498 studiorum

244 1523 371 1584 omnium
387 1539 400 1600 ς
421 1519 550 1593 satietas,
563 1519 630 1580 vitae
642 1517 710 1580 sacit
726 1518 895 1581 satietatem.
905 1519 977 1580 Sunt
1016 1518 1128 1580 ueritiae

244 1621 316 1666 certa
337 1602 431 1663 ssudia
453 1622 460 1659 :
483 1621 552 1661 num
570 1601 655 1681 igitur
674 1621 709 1661 ea
721 1601 886 1661 desiderant
901 1539 1127 1662 adolessentes?

243 1679 299 1745 sunt
320 1685 354 1746 &
377 1684 503 1744 ineuntis
524 1679 726 1743 adolescentiae
743 1703 751 1742 ε
768 1704 842 1742 num
861 1704 895 1742 ea
917 1681 975 1754 iam
989 1681 1124 1743 constans

243 1767 361 1848 requirit
379 1784 467 1832 aetas,
489 1781 554 1843 quae
567 1761 664 1823 media
682 1764 809 1823 dicitur?
830 1763 996 1823 suntetiam
1008 1764 1027 1824 6
1040 1763 1128 1836 huius·
1191 1817 1194 1821 .

241 1849 351 1920 utaris3
379 1866 419 1906 ne
446 1863 481 1902 ca
499 1840 617 1925 quidem
643 1862 843 1926 quaeruntura
867 1843 1010 1904 senesiute
1032 1864 1040 1902 t
1063 1841 1127 1905 sunt

245 1947 372 1990 extrema
386 1923 519 2006 quaedam
531 1923 622 1983 studia
631 1923 778 1985 senesiuris
788 1946 797 1997 ;
808 1945 896 2005 ergo,
906 1941 938 1984 ut
947 1924 1128 2003 superiorum

241 2028 357 2081 aetatum
377 2007 469 2067 studia
487 2005 643 2077 occidunt,
655 2007 696 2065 sic
708 2008 848 2068 occidunt
861 2008 946 2072 etiam
960 2003 1130 2066 senesiuris:

242 2091 319 2172 quod
344 2109 435 2170 quum
464 2089 584 2161 evenit,
613 2085 727 2148 satietas
747 2089 815 2151 vitae
838 2105 954 2170 tempus
982 2102 1128 2148 maturum

241 2169 344 2234 mortis
363 2167 458 2231 affert.

276 2249 364 2316 xxi.
386 2248 530 2332 Equidem
550 2268 609 2310 non
624 2247 736 2324 video,
755 2271 827 2324 cur,
846 2249 917 2333 quid'
932 2247 991 2331 ipse
1003 2245 1128 2312 sentiam

239 2334 274 2396 de
292 2351 412 2404 morte,
429 2351 487 2391 non
506 2329 629 2391 audeam
641 2332 727 2392 vobis
740 2331 859 2406 diceres
874 2335 953 2413 quod
973 2352 1009 2393 eo
1022 2333 1129 2394 melibs

239 2416 308 2476 mihi
324 2432 447 2478 cernere
468 2411 588 2480 videor,
608 2432 666 2492 quo
686 2411 723 2472 ab
743 2433 777 2473 ea
794 2416 914 2496 propius
934 2413 1042 2475 absum.
1060 2414 1128 2497 Ego·

238 2495 351 2558 vestros
366 2511 485 2577 patres,
503 2489 664 2575 meipso,
684 2508 793 2576 tuque,
814 2491 850 2555 C.
863 2494 953 2567 Laeli,
974 2498 1054 2558 viros
1065 2498 1126 2555 cla·

237 2579 384 2646 tissimus,
395 2575 525 2657 mihique
536 2575 744 2648 amicissimos,
755 2576 1005 2648 viverearbitror;
1016 2576 1048 2636 &
1061 2595 1128 2636 eam

239 2659 359 2738 quidem
385 2659 497 2728 vitam,
518 2676 582 2736 quae
604 2655 645 2715 est
665 2654 725 2717 sola
744 2658 805 2716 vita
822 2656 1008 2717 nominanda.
1022 2653 1129 2736 ¹biam,

237 2741 306 2812 dum
319 2739 419 2816 sumus
430 2739 460 2796 in
473 2737 516 2798 bis
528 2736 631 2797 inclusi
642 2737 832 2820 compagibus
852 2737 1004 2815 corporis,
1024 2753 1038 2793 1
1058 2757 1126 2796 mu·

239 2843 308 2902 nere
335 2819 467 2904 quodam
485 2820 686 2891 necessitatis,
709 2822 741 2881 &
767 2821 847 2900 gravi
866 2835 956 2898 opere
977 2814 1127 2912 perfungi·

238 2925 321 2967 mur:
337 2903 379 2964 ess
394 2902 471 2962 enirn
486 2900 598 2961 animus
614 2898 740 2960 coelestis
759 2920 794 2960 err
814 2899 953 2961 altissimo
974 2897 1128 2959 domicilio

238 2981 405 3068 depressus,
427 2982 550 3062 &quasi
564 2980 712 3042 demersus
724 2981 754 3040 in
763 2998 897 3050 terram,
911 2981 1007 3041 locum
1019 2980 1127 3041 divinae

239 3085 376 3140 natura,
405 3063 616 3145 aeternitatique
641 3061 825 3124 contrarium.
856 3059 914 3122 Sed
940 3063 1030 3124 credo
1053 3062 1129 3125 deos

238 3145 421 3209 immortales
443 3141 571 3224 sparsisse
600 3145 712 3206 animos
735 3145 908 3224 incorpora
930 3145 1072 3215 humana,
1095 3159 1129 3203 ut

239 3227 327 3292 essent
336 3272 348 3300 ,
358 3228 408 3311 qui
421 3219 685 3298 terr‘astuerentur,
697 3227 807 3307 quique
820 3222 976 3286 coelessium
989 3225 1128 3286 ordinem

268 3389 285 3434 4
319 3373 349 3424 ln
374 3372 520 3439 Originibus.
555 3371 582 3424 sn
607 3368 670 3423 libro
732 3367 1040 3434 6HujusatarissNempe
1057 3365 1127 3419 cons·

239 3439 317 3491 rostro
339 3439 369 3490 tie
385 3453 463 3492 rerum
482 3436 618 3501 originibus.
699 3435 782 3493 tantis,
804 3435 825 3483 in
844 3449 888 3499 qun
909 3433 1051 3493 nunccius,
1073 3447 1127 3497 que

271 3520 281 3567 ς
305 3503 423 3561 satietas.
435 3499 668 3572 Expletio,&qutsi
699 3499 766 3557 velut
779 3498 927 3561 mediaest,
947 3499 976 3573 de
995 3513 1040 3565 qua
1053 3497 1131 3568 supra.

238 3567 366 3626 aarum.
734 3562 877 3621 amisere,
898 3563 998 3620 Officio.
