2817 4267
324 393 384 469 264
550 391 959 457 Tusculanam

321 505 366 562 A.
380 497 423 559 lla
439 497 535 580 plane.
553 502 601 560 M.
617 498 715 578 Quasi
724 520 784 559 non
799 499 912 561 necell'e
924 502 980 569 sit,
997 497 1140 581 quicquid
1150 489 1202 562 iste

217 643 232 659 ,
321 582 414 642 modo
437 585 623 660 pronunties,
644 580 675 638 id
694 599 744 639 aut
765 579 844 652 elle,
863 600 911 640 aur
930 601 991 641 non
1012 579 1082 640 elle.
1104 582 1154 640 An
1171 601 1201 642 ιιι

250 3429 252 3434 Ι
295 3343 361 3484 post
385 3359 508 3403 mortem
527 3340 597 3399 nihil
618 3337 658 3398 est
674 3340 817 3410 mali,ne
834 3360 912 3400 mors
933 3341 1052 3420 quidem
1070 3341 1179 3403 estana·
1234 3395 1237 3400 .

227 3471 285 3787 l

319 660 476 721 dialeflicir
485 681 523 720 ne
533 661 661 721 imbutus
675 663 795 742 quidem
809 661 864 720 es?
881 665 911 720 in
922 663 1022 743 primia
1044 663 1127 721 enim
1146 662 1200 722 lroc

317 743 459 801 traditur:
473 741 574 802 Omne
586 743 801 820 pronuntiatum
820 741 835 822 (
848 741 886 802 fic
903 745 981 802 enim
992 743 1065 801 milri
1080 746 1116 801 in
1129 763 1199 823 pre·

317 820 406 881 senua
422 826 566 895 occurrit,
584 841 616 881 ut
631 824 808 903 appellarem
821 822 962 903 iginum
978 841 1044 884 utar
1053 821 1121 904 post
1133 824 1198 895 alios

316 901 367 961 sed
393 901 415 961 fi
432 906 575 964 invenero
596 903 723 982 melius)
744 904 775 961 id
798 924 871 982 ergo
891 903 934 963 est
963 907 1199 984 pronuntiatum,

316 983 398 1063 quod
420 984 460 1043 ell
479 1004 581 1044 rerum
602 1003 651 1043 aut
669 982 782 1043 falsum.
801 982 880 1043 Ciam
898 983 986 1065 igitur
1000 987 1096 1056 dicia,
1118 983 1198 1062 Mrser

317 1067 363 1124 M.
384 1064 505 1145 Craffur,
523 1083 572 1123 aut
599 1065 654 1124 hoc
680 1065 774 1134 dicis,
794 1067 931 1145 llliserest
955 1069 1003 1126 M.
1018 1063 1147 1141 Craffur,
1167 1079 1198 1125 ut

316 1143 402 1227 pellit
417 1146 536 1223 judicari
547 1163 649 1203 verum
661 1146 714 1215 id,
732 1143 872 1204 falsumne
890 1149 946 1205 sir:
970 1164 1020 1205 ant
1040 1146 1117 1205 nihil
1129 1146 1198 1206 dicis

315 1230 448 1286 omnino.
467 1230 505 1285 A.
522 1225 605 1307 Age,
627 1226 686 1302 jam
699 1227 832 1285 concedo
842 1247 902 1285 non
920 1224 977 1287 ell'e
988 1225 1130 1299 miseros,
1149 1225 1198 1307 qui

315 1310 423 1368 mortni
434 1307 513 1366 lunt:
531 1309 667 1386 quoniam
681 1305 824 1366 extorsisti
838 1326 869 1366 ut
881 1306 1062 1387 faterer,qui
1072 1307 1197 1367 omuino

314 1410 375 1448 non
394 1387 499 1459 ellent,
522 1408 573 1447 eos
585 1409 623 1447 ne
634 1387 754 1447 miseros
768 1387 887 1468 quidem
905 1386 963 1447 elle
980 1385 1075 1468 polle.
1093 1385 1197 1467 Quid?

314 1471 365 1550 qui
373 1471 518 1538 vivimus,
529 1472 597 1528 ciam
608 1469 792 1528 moriendum
803 1470 857 1541 sir,
867 1487 966 1529 nonne
975 1468 1072 1529 miseri
1082 1466 1197 1528 snmus?

314 1571 378 1629 que
397 1552 475 1610 enim
492 1548 588 1628 porell
609 1551 638 1608 in
650 1551 710 1607 vira
722 1547 779 1608 elle
794 1546 973 1626 jucunditas,
993 1550 1062 1609 ciam
1082 1550 1145 1611 dies
1164 1548 1196 1612 δι

311 1628 411 1689 nolles
428 1630 615 1708 cogitandum
633 1632 669 1687 sit
678 1628 736 1706 jam
748 1626 865 1708 jamque
877 1627 934 1690 elle
945 1627 1158 1690 moriendum?

325 1749 329 1758 .
352 1707 437 1770 Vlll.
464 1713 508 1767 M.
533 1708 624 1789 Ecqui
643 1730 715 1790 ergo
737 1711 891 1791 intelligis,
951 1728 1051 1769 ancum
1067 1710 1137 1770 mafi
1157 1709 1195 1771 cle

310 1788 436 1850 humana
461 1789 629 1850 conditione
655 1790 821 1870 dejeceris?
850 1795 889 1853 A.
947 1811 1054 1850 nonam
1074 1790 1195 1851 modo?

310 1875 356 1932 M.
370 1870 466 1952 Quia,
483 1873 508 1929 si
520 1873 689 1930 morietiam
701 1874 824 1930 mortuis
833 1870 971 1941 miserum
988 1870 1060 1930 ellet
1068 1916 1081 1942 ,
1101 1870 1196 1932 infini-

308 1971 371 2014 tum
415 1952 542 2012 uoddam
563 1953 595 2012 δι
614 1951 821 2029 sempiternum
838 1951 945 2011 malum
966 1950 1144 2014 haberemus
1164 1955 1193 2014 in

308 2036 380 2095 vita.
431 2054 486 2093 unc
503 2031 594 2092 video
611 2050 623 2091 ι
642 2033 772 2104 calcem,
793 2032 830 2092 ad
846 2053 933 2114 quam
948 2034 1016 2093 cirm
1033 2035 1072 2093 sit
1090 2034 1193 2094 decur-

308 2114 390 2185 sum,
415 2114 486 2173 nihil
507 2116 543 2173 sit
556 2132 695 2194 praeterea
713 2112 968 2173 extimescendum.
989 2111 1049 2173 Sed
1070 2115 1191 2175 tumihi

308 2197 417 2255 videris
430 2195 612 2273 Epicharmi,
624 2196 700 2254 acuti
712 2214 766 2253 nec
778 2192 875 2254 insulsi
887 2195 1030 2267 hominis,
1042 2211 1076 2255 ιιι
1088 2194 1193 2269 Siculi,

308 2275 478 2336 sententiam
506 2274 594 2354 sequi.
625 2278 668 2334 A.
698 2274 822 2353 Quam?
852 2296 912 2334 non
943 2276 1021 2335 enim
1040 2277 1124 2335 novi.
1146 2279 1190 2337 M.

307 2354 429 2422 Dicam,
444 2357 466 2413 si
477 2371 597 2433 potero,
619 2355 723 2415 larini:
743 2354 795 2415 scis
807 2357 883 2415 enim
896 2375 944 2414 me
957 2356 1050 2437 graece
1060 2355 1145 2436 loqui
1161 2358 1189 2415 in

306 2437 396 2497 latino
410 2434 542 2495 sermone
554 2456 614 2494 non
632 2437 697 2516 plus
714 2433 823 2509 solere,
841 2435 928 2517 quium
940 2439 968 2494 in
1004 2436 1188 2498 raecolatinl.

306 2521 347 2579 A.
366 2517 401 2577 Et
418 2516 493 2576 recle
515 2517 654 2595 quidem:
678 2515 728 2576 sed
749 2537 813 2597 quae
833 2516 952 2577 tandem
964 2456 1005 2577 el
1021 2515 1188 2599 Epicharmi

304 2598 356 2660 ista
370 2597 528 2659 sententia?
548 2600 594 2657 M.

302 2732 395 2793 Emori
415 2730 507 2791 nolo:
521 2726 574 2806 sed
591 2749 631 2787 me
645 2726 693 2808 effe
710 2746 842 2789 mortuum
862 2729 934 2791 nihil
944 2731 1055 2813 estimo.

303 2867 341 2922 A.
368 2860 430 2920 lam
455 2854 580 2937 agnosco
604 2874 729 2935 graecum
751 2878 757 2914 :
782 2856 970 2937 &quoniam
989 2855 1133 2940 co'e'gilli,
1152 2869 1183 2920 ut

301 2939 513 3008 concederem,
531 2937 580 3016 qui
592 2938 698 2994 mortui
710 2932 816 3004 essent,
837 2956 887 2996 eos
901 2937 1020 2999 miseros
1033 2959 1096 2999 non
1108 2938 1182 3013 elle3

301 3018 430 3103 perfice,
449 3019 472 3076 si
491 3034 575 3097 potes
585 3060 594 3087 ,
605 3032 636 3074 ut
653 3035 689 3074 ne
699 3016 882 3094 moriendum
896 3018 1015 3097 quidem
1030 3018 1089 3079 elle
1099 3019 1182 3081 mise·

301 3121 364 3160 rum
376 3119 485 3181 putem.
496 3101 540 3157 M.
554 3095 617 3157 lam
627 3094 701 3156 istud
718 3097 836 3173 quidem
848 3098 917 3158 nihil
934 3099 1045 3178 negotii
1059 3099 1102 3161 est
1115 3124 1122 3161 :
1134 3098 1181 3159 sed

300 3184 387 3243 eriam
399 3178 510 3257 maiora
523 3177 637 3237 molior.
652 3181 693 3239 A.
711 3178 784 3255 Quo
799 3178 889 3239 modo
906 3180 976 3238 nihil
991 3183 1101 3263 negotii
1120 3179 1180 3241 est?

1234 1769 1238 1810 l

300 3280 347 3323 aut
363 3283 427 3344 quae
444 3260 506 3318 sunt
522 3259 638 3318 tandem
649 3256 701 3317 ista
717 3258 849 3338 majora?
867 3262 912 3321 M.
925 3258 1022 3338 Quia,
1042 3262 1178 3342 quoniam
1226 3267 1237 3312 l·

308 3444 355 3483 um
364 3444 373 3496 ;
395 3425 441 3484 cui
458 3422 623 3503 proximum
643 3436 758 3501 tempus
770 3419 810 3483 est
824 3418 890 3503 post
905 3438 1052 3500 mortem,
1075 3425 1106 3485 in
1120 3442 1178 3506 qun

325 3537 338 3574 ι
361 3524 467 3581 Galeam,
487 3522 510 3576 le
530 3533 619 3586 terme,
641 3520 662 3575 le
682 3520 732 3576 but.
784 3551 789 3558 .
1149 3590 1169 3652 li

1101 3612 1147 3657 ma
