2817 4267
516 400 588 468 De
628 403 878 468 ,littora-taz
1073 418 1134 489 209'

242 518 343 591 'raeque
362 507 465 592 diligat
485 497 682 592 quemquam,
704 530 759 570 nee
772 509 832 592 ipse
849 509 884 569 ab
897 508 957 571 ullo
978 507 1134 591 diligatur,

238 591 453 654 .tircumfluere
472 592 607 651 omnibus
620 591 731 670 copiis,
747 609 834 670 atque
851 594 879 649 itt
892 592 1021 652 omnium
1034 611 1132 650 rerum

244 673 424 732 abundantia
442 672 567 731 vivere?
588 672 650 730 haec
664 673 741 730 enim
752 671 793 731 ell
806 692 996 752 tyrannorum
1009 673 1087 742 vita;
1104 673 1134 731 in

245 772 301 831 qua
321 753 462 811 nimitum
478 751 557 812 nulla
578 748 651 814 fides
661 795 672 824 ‚
695 752 774 810 nulla
793 755 912 825 caritas,
936 752 1012 810 nulla
1024 751 1133 812 stabilis

244 830 465 904 benevolentiae
485 830 578 911 potest
597 831 653 893 elle
672 830 798 892 fiducia:
818 834 916 892 omnia
938 831 1049 913 semper
1067 830 1131 903 susq

248 910 348 991 pella,
366 930 458 991 atque
474 912 613 972 sollicita:
629 913 723 971 nullus
741 913 821 972 locus
832 914 975 972 amicitiae.

289 1012 336 1074 53.
351 991 443 1070 Quis
455 996 533 1052 enirn
552 1008 601 1051 aut
621 1009 688 1053 eum
707 993 755 1051 dili
776 1011 821 1064 at,
840 1013 926 1074 quem
945 994 1065 1066 metuit;
1084 1010 1132 1055 aut

250 1090 331 1145 eum,
354 1095 371 1132 a
393 1094 453 1152 quo
466 1071 494 1133 le
514 1074 603 1133 metui
621 1075 722 1154 putat?
771 1073 886 1142 oluntur
899 1094 993 1133 tamen
1009 1093 1025 1134 2
1042 1078 1132 1136 simu-

251 1152 357 1224 latione
379 1153 517 1214 duntaxat
530 1154 567 1213 ad
582 1171 709 1234 tempus.
727 1151 821 1232 Quod
833 1157 858 1214 si
869 1154 945 1215 forte
962 1156 1014 1254 qut
1025 1153 1056 1213 fit
1069 1156 1133 1234 ple-

251 1231 399 1314 tumque)
430 1233 606 1312 ceciderint3
628 1252 687 1292 tum
715 1234 900 1314 intelligitur,
925 1254 1011 1315 quam
1028 1234 1134 1294 luerint

253 1311 359 1394 inopes'
369 1315 556 1374 amicorum:
587 1315 667 1392 quod
688 1312 880 1394 Tarquinium
908 1313 1008 1374 dixille
1034 1313 1131 1374 ferunt

252 1406 308 1452 tunt
341 1391 520 1454 exsulantem
549 1392 787 1465 se'intellexille‚
815 1394 889 1473 'quos
917 1392 994 1455 fidos
1020 1397 1132 1455 amicos

251 1470 406 1543 habuillet,
449 1494 501 1533 uos
527 1472 655 1547 infidos,
690 1496 778 1555 quum
804 1474 863 1554 jam
884 1476 992 1535 neutris
1011 1478 1132 1555 gratiam

251 1551 353 1613 referre
376 1493 492 1634 pollet:
517 1574 691 1635 quamquam
714 1558 824 1628 miror,
851 1577 865 1637 3
888 1556 936 1615 illi
953 1555 1131 1637 superbia&

250 1631 468 1714 importunitate
486 1636 508 1693 si
527 1656 703 1715 quemquam
723 1637 828 1696 habere
844 1638 949 1717 potuit.

242 1763 245 1772 .
288 1734 335 1793 54.
352 1717 453 1795 Atque
473 1732 504 1774 ut
522 1715 624 1793 hujus,
636 1736 723 1797 quem
737 1717 814 1788 dixi,
829 1738 942 1789 mores,
955 1737 1044 1778 veros
1056 1717 1130 1778 ami·

247 1813 295 1864 tos
317 1815 420 1876 parare
440 1814 653 1875 nonpotuere3
672 1797 713 1856 sic
736 1798 893 1856 multorum
919 1818 991 1876 opes
1011 1819 1130 1876 praepo·

247 1877 369 1934 rentium
389 1875 546 1936 excludunt
564 1877 702 1935 amicitias
723 1875 835 1935 fideles.
849 1876 919 1935 Non
941 1879 1017 1935 enim
1037 1876 1128 1937 solima

246 1951 304 2032 ipsa
319 1955 437 2016 fortuna
461 1977 537 2028 caegca
555 1954 614 2029 est,
636 1956 685 2017 sed
710 1976 760 2015 eos
782 1959 867 2016 etiam
891 1956 1061 2035 plerumque
1083 1958 1129 2014 ef·
1212 1983 1218 1990 ·

246 2033 303 2096 ficit
328 2057 485 2110 caecos‚,4
506 2058 578 2117 quos
598 2035 752 2113 completa
771 2036 821 2096 est.
852 2034 952 2115 Itaque
972 2034 1127 2098 efferuntur

246 2115 286 2174 illi
305 2114 369 2176 fere
388 2116 504 2176 fastidio
524 2118 556 2178 &
570 2115 771 2188 contumaci2i3
791 2136 885 2194 neque
908 2115 1064 2197 quidquam
1080 2118 1128 2176 itt-

244 2197 369 2275 sipiente
398 2195 546 2257 fortunato
571 2196 780 2257 intolerabilius
811 2194 872 2256 fieri
898 2193 1000 2276 potest.
1028 2198 1128 2277 Atque

244 2274 298 2336 hoc
316 2276 441 2358 quidem
458 2279 561 2337 videre
578 2277 665 2351 licet,
691 2295 764 2349 eos,
794 2278 844 2357 qui
861 2296 944 2337 antea
963 2280 1128 2339 commodis

245 2353 361 2417 luerunt
379 2358 527 2429 motibus,
543 2360 688 2438 imperio,
707 2355 866 2437 potestate,
885 2357 1028 2440 prosperis
1040 2360 1127 2422 rebus

244 2436 413 2532 immutarit,
437 2437 589 2520 spernique
607 2438 643 2499 ab
662 2439 696 2498 iis
714 2456 828 2506 veteres
848 2442 1004 2512 amicitias,
1028 2441 1128 2504 indul·

244 2535 311 2597 gere
331 2539 430 2578 novis.

247 2647 250 2652 .
284 2617 332 2677 55.
357 2597 443 2676 Quid
468 2614 565 2660 autem
582 2598 709 2671 stultius,
731 2598 835 2681 quim,
861 2620 950 2681 quum
970 2600 1126 2680 plurimitm

243 2680 353 2757 copiis,
372 2679 573 2751 facultatibus,
598 2682 702 2762 opibus
728 2683 858 2761 possint,
884 2697 980 2739 cetera
1003 2673 1145 2759 parares

243 2777 304 2838 quae
323 2777 459 2840 parantur
468 2761 607 2839 pecunia,
627 2782 735 2839 equos,
753 2760 899 2830 famulos,
915 2757 1027 2821 vestem
1043 2782 1127 2842 egre·

240 2842 332 2918 giam,
347 2837 414 2899 vasa
428 2840 552 2920 pretiosa
562 2862 572 2915 3
590 2845 700 2900 amicos
720 2862 778 2900 non
797 2861 916 2922 parare,
939 2842 1079 2919 optimam
1093 2844 1126 2905 &

238 2919 464 3000 pulcherrimam
479 2922 566 2990 vitae,
589 2939 620 2980 ut
633 2922 673 2981 ita
684 2919 794 2993 dicam,
812 2919 1038 3002 supellellilem?
1057 2921 1126 2985 Ete-

239 3001 420 3061 nim'cetera
443 3021 531 3081 quum
551 3018 671 3079 parant,
693 3004 738 3062 cui
761 3020 879 3080 patent,
902 3001 1049 3072 nesciunt,
1068 3018 1125 3066 n'eo

238 3077 320 3158 cujus
330 3081 416 3140 causi
424 3077 572 3141 laborent:
581 3079 643 3162 ejus
653 3084 730 3142 enim
741 3083 781 3141 est
793 3081 909 3142 istorum
919 3075 1062 3165 quidque,
1073 3088 1123 3166 qui

237 3163 330 3223 vincit
342 3161 455 3224 viribus
467 3181 474 3220 ι
488 3164 677 3227 amicitiarum
688 3163 736 3223 sua
746 3165 849 3246 cuique
858 3182 1009 3244 permanet
1019 3164 1123 3227 stabilis

266 3343 282 3379 2
295 3324 467 3379 simulatione.
480 3327 525 3382 Pet
537 3330 665 3383 simulatio·
697 3330 736 3383 bia
753 3332 775 3383 δι
796 3331 972 3396 importunitas,
986 3332 1030 3399 qul
1041 3346 1124 3385 omnes
1214 3352 1227 3370 ⁴*

237 3408 286 3450 nem
308 3395 426 3444 amicitie.
697 3398 745 3448 ase
755 3398 884 3456 repelleret.

260 3471 278 3523 ¹3
294 3457 501 3526 llldfirperbt'ti&
522 3458 664 3524 importuni·
730 3473 746 3522 4
765 3463 832 3533 Quos
850 3462 969 3529 complexa
989 3460 1028 3523 eft.
1052 3462 1122 3536 Quoi

237 3537 288 3580 ure.
307 3523 393 3598 Quum
413 3522 663 3594 eaeffettltustupet·
695 3526 793 3581 uintit'tm
816 3529 915 3584 fovit&
932 3527 1021 3583 extulit.
1097 3595 1103 3602 ι
