2817 4267
304 403 367 490 '158
541 403 952 472 nrscncccucr:
1039 445 1047 454 -
1207 477 1216 482 ,

304 507 496 594 nonagesimo
508 513 730 604 rnnofaipsisse
746 515 868 586 dicitur,
884 515 960 574 vixit
1030 510 1189 608 quinqueni

304 595 384 654 nium
404 590 524 672 postea:
545 615 626 673 cujus
641 595 772 676 magister
787 595 948 656 Leontinus
989 613 1101 676 orgtat,
1117 616 1184 655 ceu·

302 689 364 734 tum
388 673 420 733 &
440 672 551 755 septem
570 678 732 755 complevit
750 697 860 750 annom
883 696 982 770 neque
1002 695 1139 757 umquam
1154 679 1184 734 iu

303 753 355 813 suo
373 752 467 814 studio
492 776 580 835 atque
604 777 695 837 opere
714 759 839 818 cessavit
862 779 870 817 ε
893 777 963 838 qut,
987 777 1081 842 quum
1098 763 1134 816 er'
1149 775 1185 818 eo

302 852 502 913 quaereretur,
532 858 582 898 cur
599 855 659 898 tam
676 838 725 897 din
749 839 843 899 veliet
864 857 929 898 esse
948 839 979 896 in
996 837 1061 898 vita
1078 858 1086 896 :
1106 837 1189 898 Nutu!

302 916 405 988 habeo,
434 918 546 998 inquit,
577 923 651 997 quod
673 917 793 994 accusem
811 921 983 998 seneclutem.
1016 917 1186 978 Praeclarum

301 994 488 1077 responsum,
513 1000 544 1059 δι
566 998 654 1060 docio
675 999 795 1058 homine
813 1001 943 1080 dignum.

347 1097 392 1152 14.
412 1077 468 1139 Sua
485 1081 562 1139 enim
580 1082 653 1140 vitia
671 1082 858 1162 insipientes,
882 1081 914 1140 δι
934 1079 1014 1139 suam
1029 1079 1145 1162 cuipam
1156 1078 1185 1138 iu

300 1155 478 1222 senectutem
494 1160 672 1233 ‘conferunt3
697 1163 777 1243 quod
799 1181 860 1222 non
885 1159 1077 1234 faciebatis,
1106 1157 1186 1240 cujus

301 1241 394 1302 modo
415 1243 593 1303 mentionem
612 1241 693 1311 feci,
722 1241 849 1317 Ennius,

302 1369 383 1428 Sicut
394 1366 479 1446 sortis
499 1391 601 1448 equus,
624 1391 641 1445 3
658 1368 755 1447 spatio
773 1371 820 1449 qui
838 1369 910 1451 sape
920 1369 1047 1452 ficprcmu

303 1451 378 1510 Vicit
399 1451 553 1531 Olympia,
577 1472 649 1510 nunc
663 1449 743 1528 finio
763 1449 892 1532 cunfct‘lrc'
910 1454 1036 1538 quiescit.¹

301 1573 376 1657 Equi
392 1577 475 1638 sortis
496 1578 528 1637 δι
542 1575 659 1636 victoris
674 1574 808 1636 senestuti
821 1573 971 1658 comparat
985 1578 1081 1653 suam;
1098 1599 1183 1663 quem

301 1659 421 1736 quidem
438 1658 529 1738 probe
545 1659 713 1717 meminisse
727 1655 857 1737 potestis.
885 1659 977 1720 Anno
999 1662 1080 1721 enim
1098 1665 1183 1724 unde·

299 1738 442 1800 vicesimo
461 1737 526 1820 post
543 1737 605 1817 ejus
625 1754 769 1810 mortem,
794 1740 822 1798 hi
849 1738 1001 1813 consules,
1021 1740 1061 1802 T.
1078 1743 1182 1804 Flami·

300 1821 385 1881 ninus
397 1825 409 1890 ,’
432 1823 463 1884 &
483 1819 534 1879 Μ’.
552 1820 662 1882 Acilius
679 1818 744 1878 fecii
760 1818 839 1879 sunt:
852 1819 1008 1882 iileuutem
1020 1821 1183 1906 Caepione,

300 1903 487 1984 &Philippo
508 1904 612 1961 iterum
626 1899 762 1969 consule,
782 1919 915 1962 mortuus
931 1901 995 1963 est:
1015 1924 1108 1982 quum
1128 1925 1179 1987 ego

300 1983 420 2066 quidem
445 2005 478 2045 v.
501 1985 533 2044 &
554 1999 607 2042 Lx,
632 2002 722 2042 annos
741 2000 842 2054 natus,
862 2003 881 2057 4
902 1983 999 2064 legem
1019 1985 1180 2046 Voconiam

301 2088 379 2128 voce
390 2065 511 2146 magni,
534 2064 564 2124 δι
575 2064 660 2123 bonis
681 2063 816 2122 lateribus
828 2063 980 2125 suasissem.
990 2065 1096 2128 Annos
1108 2083 1179 2128 Lxx.

301 2167 385 2208 natus
407 2147 474 2226 (tot
487 2146 564 2204 enim
578 2146 648 2204 vixit
663 2144 794 2226 Ennius)
814 2146 853 2205 ita
877 2143 989 2205 ferebat
1014 2147 1097 2219 duo,
1120 2169 1178 2230 qua

300 2230 425 2290 maxima
444 2242 577 2305 putantur
593 2246 699 2297 onera,
721 2243 917 2306 paupertatem
933 2229 967 2288 δι
985 2226 1178 2302 senectutem,

301 2329 333 2368 ut
354 2311 395 2366 eis
422 2326 489 2365 >ene
508 2305 642 2365 delectari
660 2306 819 2366 videretur.

345 2408 390 2467 15.
414 2330 555 2459 iitenim,
582 2407 672 2465 quum
702 2387 889 2468 contemplor
914 2390 1034 2460 animo,
1068 2391 1178 2472 reperio

300 2488 423 2551 quatuor
439 2468 555 2540 causas,
575 2488 625 2526 cur
638 2467 767 2527 senectus
785 2469 887 2530 misera
905 2471 1060 2532 videatur:
1076 2493 1178 2542 unam,

323 2552 381 2611 uod
400 2567 507 2611 avocet
519 2571 534 2606 a
546 2550 631 2609 rebus
650 2549 784 2629 gerendis
797 2574 806 2620 3
827 2551 964 2625 alteram,
982 2553 1064 2633 quod
1076 2574 1178 2634 corpus

298 2575 385 2693 iaciat
408 2629 568 2703 infirmius3
590 2631 723 2702 tertiam,
748 2632 828 2709 quod
847 2635 943 2712 privet
963 2635 1098 2694 omnibus
1120 2634 1178 2695 fere

298 2714 495 2795 voluptatibus
505 2735 514 2787 3
525 2729 672 2793 quartam,
684 2712 764 2792 quod
776 2713 849 2771 haud
862 2714 962 2792 procul
970 2714 1069 2775 absita
1077 2734 1180 2776 morte.

299 2796 427 2866 Earum,
439 2798 461 2853 si
473 2796 585 2875 placet.
607 2792 752 2853 causatum
768 2813 871 2876 quanta
882 2840 891 2870 ‚
904 2799 1050 2878 quamque
1062 2800 1099 2856 sit
1109 2796 1180 2877 justa

297 2896 497 2956 unaqueque,
518 2876 680 2935 videamus.

340 2957 395 3015 Vl.
417 2959 444 3015 A
468 2955 553 3015 rebus
573 2955 707 3036 gerendis
719 2952 843 3016 senectus
864 2955 1020 3016 abstrahit?
1044 2956 1181 3036 Quibus?

299 3039 403 3107 auiis,
424 3057 488 3115 quae
506 3038 534 3093 in
554 3034 706 3112 juventute
729 3056 865 3117 geruntur
889 3040 920 3098 &
941 3039 1073 3099 viribus?
1104 3039 1178 3099 Nul-

299 3120 372 3180 laene
383 3118 467 3199 igitur
485 3116 607 3176 cessum
627 3115 747 3189 seniles,
768 3139 831 3199 quac
850 3119 898 3186 vel
913 3116 1035 3180 infirmis
1051 3123 1180 3202 corpori·

298 3244 723 3330 dinqueA'W'itdicituraGrc·
787 3276 803 3321 4
827 3262 908 3327 Legem
932 3260 1074 3317 Voconiam.
1101 3265 1180 3330 Quam

300 3333 343 3381 cis.
755 3326 804 3376 tulit
826 3327 949 3378 Voconius
973 3328 1052 3384 Sara.
1079 3329 1183 3379 tribuunt

333 3409 345 3457 3
379 3391 464 3458 Spano
482 3394 599 3455 supremo.
630 3390 722 3456 Nempe
755 3391 829 3448 olebit
852 3392 883 3449 de
903 3392 1023 3447 utiterum
1048 3394 1183 3449 hereditati·

299 3458 394 3521 adepto.
420 3455 483 3505 Vicit
505 3456 625 3520 Olympia.
643 3456 723 3510 Vissor
754 3455 810 3514 bus,

297 3521 339 3573 lut
356 3523 378 3573 in
400 3520 461 3574 ludis
475 3520 618 3589 olympicis.
693 3557 698 3570 .
