2817 4267
589 401 766 465 Lruun
805 402 846 466 V.
1081 423 1141 489 339

194 507 199 552 ἶ
258 505 331 567 ‹lutn
351 506 395 567 his
418 521 500 588 putes
520 503 743 567 consentaneum
764 506 822 576 olle
845 506 875 567 id
900 506 1021 584 ‹licere3
1047 508 1145 573 multa·

193 595 205 620 *·
260 592 339 647 enim
360 610 375 648 a
392 607 422 648 te
441 605 540 648 contra
556 586 636 647 islam
653 588 819 662 sententiam
832 587 903 648 disis
916 589 998 663 sunt,
1019 591 1049 653 ὃ(
1062 590 1139 653 Stoi-

257 689 361 729 cotum
380 671 492 731 ratione
509 668 650 729 conclusa.
671 673 716 729 M.
737 670 860 730 Utamur
881 672 964 751 igitur
986 672 1137 747 libertate,

258 751 315 830 qui
325 753 410 810 nobis
423 750 488 810 solis
499 753 527 808 in
543 749 723 831 philosophia
741 752 808 811 licet
820 755 860 811 uti
877 772 884 809 τ
905 756 1136 833 ᾳυοωωιοταῐὶο

255 833 328 890 nihil
338 831 531 914 ipsajutlicat,
548 830 597 890 sed
617 832 737 892 habetur
756 836 784 892 in
801 852 902 900 omnes
921 843 1039 913 partes,
1054 836 1140 894 ureb·

255 914 319 971 aliis
338 909 423 994 poffit
437 912 495 991 ipsa
512 933 564 992 per
581 912 658 986 sese,
676 914 781 974 'nullius
798 913 965 974 auclorime
981 914 1133 987 adiunsll,

237 991 385 1073 judicari.
410 994 445 1053 Et
462 996 598 1074 quoniam
619 995 727 1053 videris
747 995 913 1066 lroc'velle‚
927 1016 979 1069 ατς
997 1017 1135 1077 quaeeun·

253 1074 553 1214 puediffentientium
580 1075 819 1155 pbilosophorum
839 1079 976 1136 sententia
1003 1083 1038 1137 sit
1059 1099 1070 1157 ς
1094 1082 1133 1140 de

194 1171 196 1176 ·
277 1156 385 1229 nibus,
414 1174 509 1216 tamen
530 1157 622 1214 virtus
643 1158 708 1215 satis
727 1158 832 1217 lrabeat
853 1158 888 1216 ad
910 1157 1000 1217 vitam
1019 1159 1132 1219 beatam

254 1239 401 1317 praesidii:
420 1238 500 1317 quod
524 1236 837 1317 quidemssarneatlem
854 1238 997 1320 disputate
1014 1238 1132 1299 solitum

253 1321 439 1398 accepimus:
458 1318 507 1379 sed
526 1320 568 1388 is,
592 1335 624 1377 ut
648 1337 749 1379 contra
766 1319 902 1391 Stoicos,
926 1340 1000 1400 quos
1020 1319 1131 1379 siudio·

253 1403 367 1460 sissime
392 1401 504 1480 semper
524 1397 694 1472 refellebat,
724 1402 755 1461 ὃ(
777 1419 877 1460 eontra
903 1419 1027 1480 quorum
1048 1399 1133 1460 disci·

252 1482 360 1562 pliuam
382 1484 529 1565 ingenium
558 1480 621 1560 ejus
648 1481 811 1542 exarserat:
833 1503 887 1542 nos
911 1482 982 1541 illud
1010 1482 1131 1564 quidem
1189 1521 1192 1526 ‹

251 1582 318 1623 cum
352 1586 422 1644 pace
448 1583 576 1646 agemus.
601 1560 630 1623 Si
660 1564 737 1623 enim
765 1562 855 1624 Stoici
887 1560 960 1623 fines
983 1561 1130 1624 bonorum

250 1644 326 1705 reste
344 1644 517 1724 posuerunt,
535 1641 665 1707 conseiia
676 1662 722 1705 res
737 1644 801 1705 est:
824 1643 934 1705 necesse
956 1642 997 1704 est
1015 1642 1129 1726 selnper

249 1723 368 1786 beatum
389 1725 444 1786 esse
461 1726 628 1807 sapientem.
644 1724 703 1786 Sed
723 1734 1129 1808 quaera'mus'unamquamquo

248 1808 427 1887 reliquorum
443 1808 625 1882 sententiam,
641 1810 664 1866 si
675 1805 738 1867 lieri
746 1806 858 1888 potest,
873 1824 927 1867 uta
943 1808 999 1867 hoc
1010 1810 1128 1886 praecla-

245 1908 313 1946 rum
333 1891 414 1969 quasi
436 1890 583 1949 decretum
602 1890 695 1949 beatae
718 1891 786 1948 vitae
803 1888 896 1970 possit
917 1890 1047 1949 omniunt
1059 1885 1128 1950 sen·

245 1969 364 2040 tentiis,
393 1972 424 2031 &
446 1968 602 2051 disciplinis
624 1971 794 2031 convenire.

289 2048 386 2109 XXX.
408 2051 478 2111 Sunt
501 2069 595 2111 autem
613 2052 656 2109 hae
680 2052 716 2110 de
734 2048 856 2121 linibus,
879 2066 910 2109 ut
922 2051 1048 2129 opinor,
1077 2069 1126 2111 re·

242 2145 334 2191 tentae
360 2176 371 2205 ‚
402 2130 591 2212 desensaeque·
619 2130 797 2192 sententiae:
824 2132 948 2213 primiani
981 2132 1127 2212 simplices

243 2230 388 2292 quatuor:
407 2213 487 2273 Nihil
496 2216 625 2285 bonum,
643 2210 874 2292 nisihoneslutu,
887 2232 918 2273 ut
929 2211 1019 2272 Stoici
1029 2236 1036 2273 ι
1046 2211 1128 2292 Niltil

241 2293 377 2365 bonum,
396 2296 450 2354 nisi
470 2296 669 2375 voluptatem,
687 2311 718 2354 ut
732 2293 892 2373 Epicurus:
906 2291 987 2355 Nihil
998 2294 1125 2368 bonum,

240 2378 299 2435 uisi
313 2375 483 2436 vacuitatem
497 2376 624 2447 doloris,
639 2395 670 2436 ut
683 2375 899 2456 Hieronymus:
911 2376 993 2435 Nihil
1002 2377 1125 2446 bonurn,

241 2458 300 2517 nisi
319 2473 428 2515 naturae
445 2460 543 2539 primis
565 2459 650 2517 bonis
663 2477 720 2517 aut
737 2458 893 2528 omnibus,
920 2458 970 2536 aut
990 2460 1124 2517 maximis

241 2535 318 2609 frui,
348 2555 380 2596 ut
405 2536 569 2600 Carneades
596 2559 697 2601 contra
725 2536 840 2598 Stoicos
863 2535 1024 2599 dillerebat.
1049 2538 1122 2599 Haec

240 2619 330 2701 igitur
354 2620 495 2699 simplicia
521 2643 528 2680 τ
550 2620 597 2680 illa
616 2623 714 2681 mixta.
739 2617 809 2679 Tria
829 2639 935 2700 genera
955 2620 1123 2690 bonorum,

236 2702 369 2760 'maxim
387 2704 494 2774 animi,
516 2701 649 2778 secunda*
662 2702 815 2782 corporis,
836 2718 953 2760 externa
971 2701 1070 2767 tertia,
1090 2717 1123 2759 ut

239 2779 446 2860 Peripatetici,
476 2804 529 2843 nec
562 2783 657 2842 multo
682 2801 799 2841 veteres
832 2782 1002 2842 Academici
1033 2780 1123 2841 secus.

240 2860 432 2943 Voluptatem
452 2884 518 2924 cum
548 2863 700 2923 honestate
720 2862 946 2934 Dinomachus,
976 2865 1007 2924 &
1030 2860 1124 2920 Calli·
1225 2886 1227 2892 ·

238 2941 301 3025 plr'o
321 2945 481 3024 copulavit.
509 2945 701 3005 indolentiam
721 2955 818 3006 autem
839 2931 979 3004 honestati
1003 2941 1122 3022 Peripa·

238 3028 345 3084 rericus
366 3024 518 3086 Diodorus
540 3024 679 3103 adjunxit.
701 3025 757 3086 Hae
784 3024 847 3085 sunt
862 3023 1029 3097 sententio,
1055 3040 1120 3103 qum

239 3104 399 3165 stabilitatis
415 3105 522 3187 aliquid
534 3108 677 3166 lrabeant:
691 3127 756 3167 nam
769 3104 930 3175 Aristonis,
942 3105 1100 3185 Pyrrhonis
1112 3147 1123 3175 ,

238 3186 343 3247 Herilli
361 3189 625 3269 nonnullorumque
638 3189 761 3249 aliorum
783 3204 970 3248 evanuerunt.
992 3185 1032 3244 Hi
1048 3186 1120 3266 quid

237 3272 354 3349 possint
372 3270 525 3343 obtinere,
551 3270 728 3339 videamus,
758 3267 996 3338 omissis=Stoicis
1015 3288 1022 3325 :
1042 3285 1119 3346 quo·

236 3371 303 3410 rum
320 3351 383 3410 satis
404 3352 508 3413 uideor
520 3349 677 3414 desendiffe
696 3349 873 3411 sententiam.
894 3347 931 3410 Et
951 3347 1119 3429 Peripateti-

203 3456 205 3460 Ι
272 3491 283 3536 ς
301 3476 342 3527 Dc
348 3477 449 3545 finibus.
456 3478 499 3532 Sur
508 3478 530 3532 le
538 3451 662 3534 souverain
729 3491 740 3527 ι
759 3476 813 3525 Hoc
823 3475 959 3542 praclarum
970 3474 1033 3543 puafi
1043 3478 1118 3524 decre·

237 3540 303 3596 hieu.
694 3556 752 3598 tun.
770 3541 807 3595 Co
821 3542 880 3595 beau
897 3540 994 3617 serpe.
1039 3583 1043 3593 .

905 3604 975 3691 un
