2817 4267
202 482 204 490 Ι
280 403 339 483 rsa
503 395 577 468 De
618 399 909 472 Santonon:

278 508 1163 684 {ili‘a'ili‘i‘iizlliiir‘l‘iitiiialissim'ffili}

278 691 311 734 ιιι
322 673 361 734 ita
371 673 543 748 crederem
559 673 608 734 led
619 671 755 736 nobilitat
767 671 856 744 etiam
870 671 1054 738 summotum
1068 671 1161 758 pltilo·

276 753 455 836 sophorum,
476 755 508 816 δι
530 753 691 816 ιιιᾶοιὶιιι.
1049 785 1052 790 ·

315 833 367 912 78.
395 835 560 897 Audiebam
591 833 811 917 Pythagoram,
840 833 1160 920 Pythagoreosque,2

221 983 223 988 Ι
275 913 386 990 istolas
413 937 489 999 pepe
510 915 644 988 nostros,
673 913 837 996 quiessent
868 915 962 978 ltaliri
998 915 1158 1014 philosoplti

276 997 426 1074 quondam
445 999 605 1073 nominati,
617 1017 775 1078 numquam
787 995 947 1066 dubitasse.
968 1001 1041 1080 quin
1054 1021 1088 1062 ex
1098 1019 1157 1078 unr-

275 1077 358 1136 versa
378 1097 477 1138 mente
494 1078 591 1138 divina
603 1074 746 1138 delibatos
767 1080 878 1138 animbs
891 1077 1092 1140 ltab'eremua:
1105 1081 1156 1142 tle·

268 1157 506 1220 'monstrabantur
517 1158 588 1217 mihi
607 1177 765 1238 praeterea.
785 1178 850 1238 quae
869 1155 1008 1220 Socrates
1024 1159 1154 1242 supremo

274 1241 342 1300 vitae
364 1241 412 1302 die
429 1241 466 1301 ile
486 1240 701 1301 immortalitate
718 1239 883 1300 animorum
902 1237 1091 1314 disseruiss'et,
1112 1243 1150 1316 is,

274 1319 404 1399 quiesset
423 1323 556 1382 omnium
568 1318 793 1399 sapientissimus
803 1315 932 1382 'oraculo'
942 1321 1094 1404 'Apollinis
1109 1318 1148 1400 itt·

273 1403 396 1464 ditatus.
416 1400 501 1481 Quid
523 1400 631 1462 multa?
655 1403 695 1462 sic
718 1401 957 1482 mihi-persuasi,
980 1404 1029 1472 sic
1046 1401 1148 1475 sentio,

272 1503 363 1564 quum
386 1502 464 1543 tanta
484 1482 617 1543 'celeritas
642 1483 807 1544 animorum
829 1483 893 1555 sit,
914 1482 1002 1544 tanti
1017 1485 1146 1545 memoria

271 1565 503 1642 preteritorum,
532 1562 751 1644 futurorumque
774 1562 961 1645 prudentia,
985 1582 1033 1626 tot
1058 1583 1163 1644 artes,¹

270 1660 358 1704 tanta
374 1641 514 1715 scientiae,
537 1660 582 1704 tot
597 1646 736 1714 inventa,
754 1665 815 1704 non
835 1641 916 1724 posse
935 1663 1003 1706 eam
1014 1664 1146 1718 naturam,

267 1729 337 1805 'quae
354 1743 399 1784 res
418 1742 466 1784 eas
485 1725 632 1786 contineat
642 1723 719 1800 ,effe
728 1722 882 1786 mortalem
894 1745 903 1782 ι
916 1745 1070 1810 quumque
1082 1727 1145 1788 sem·

230 1869 232 1876 ,
269 1825 324 1887 pet
342 1807 465 1887 agitetur
485 1807 615 1879 animus,
635 1827 690 1867 nec
711 1805 886 1887 principium
908 1805 1007 1868 motus
1029 1809 1129 1870 lrabeat

204 3681 244 3779 ἱ

271 1889 338 1969 quia
349 1887 377 1948 se
389 1886 448 1969 ipse
461 1904 580 1948 moveat
588 1909 598 1960 ;
619 1907 657 1947 ne
674 1885 765 1948 finem
777 1888 896 1968 quidem
914 1886 1083 1950 habitururn
1099 1909 1115 1950 e
1134 1907 1149 1950 e

270 1967 384 2040 mortis,
406 1971 472 2051 quia
491 1988 646 2049 numquam
659 1966 688 2026 se
701 1965 761 2050 ipse
773 1971 810 2028 sit
819 1965 971 2028 relislutua
983 1987 992 2030 t
1004 1970 1054 2042 ἃ,
1066 1989 1149 2054 quun

269 2052 394 2132 simplex
415 2051 502 2110 animi
519 2053 618 2110 natut'a
637 2045 726 2122 ell'et,
737 2069 834 2130 neque
851 2047 975 2110 habetet
988 2051 1018 2110 in
1030 2049 1151 2134 sequid·

270 2152 356 2213 quam
368 2130 519 2191 admistum
539 2130 632 2211 dispar
650 2128 709 2203 sui,
724 2147 814 2226 atque
825 2128 1066 2204 dissimilegnon
1076 2127 1150 2214 polle

961 2219 967 2230 v

269 2231 338 2284 eum
350 2211 462 2273 dividi:
482 2212 563 2349 quod
583 2214 607 2271 si
626 2232 686 2271 non
704 2229 814 2293 possit,
845 2231 905 2271 non
915 2199 1008 2350 pesse
1019 2214 1150 2275 interiret

269 2311 434 2372 magnoque
463 2311 479 2351 e
504 2310 729 2372 eargumento,
755 2292 889 2370 homines
928 2293 989 2354 cire
1015 2295 1150 2374 pleraque

269 2392 336 2430 ante
352 2371 439 2452 quiam
459 2374 516 2431 nati
531 2374 602 2436 sint,
621 2374 702 2451 qubd
715 2370 773 2451 jam
786 2374 887 2453 pueri,
923 2394 994 2435 uum
1010 2393 1089 2436 artes
1101 2371 1152 2454 diss

267 2451 359 2513 fitiles
371 2451 493 2524 discant,
504 2456 544 2512 ita
555 2453 688 2513 celeriter
699 2473 744 2514 res
755 2393 984 2515 innumeraliles
1000 2459 1154 2538 arripiant,

267 2531 301 2594 ut
311 2555 360 2595 eas
370 2555 429 2595 non
438 2550 499 2595 tum
509 2536 634 2615 primunt
647 2557 661 2616 3
675 2536 806 2616 accipere
818 2536 990 2610 videantur,
1001 2536 1053 2598 sed
1067 2539 1152 2599 remi·

263 2616 337 2676 nisci
351 2618 382 2682 &
400 2617 554 2676 recordari.
568 2615 640 2676 Haec
654 2617 779 2676 Platonis
794 2615 865 2675 sete.

308 2693 404 2768 XXll.
429 2698 518 2778 Apud
537 2695 766 2776 Xenophontem
789 2717 888 2758 autem
907 2699 1040 2759 moriens
1055 2696 1155 2782 Cyrus

267 2776 380 2851 major,
395 2779 456 2838 haec
472 2779 552 2838 dicit.
565 2803 583 2835 ιι
600 2777 700 2837 Nolite
713 2778 861 2846 arbitrari,
881 2776 901 2837 ὃ
921 2780 993 2839 milti
1012 2781 1155 2841 carissimi

267 2884 288 2918 ιι
307 2859 376 2930 filii,
395 2881 464 2928 me,
482 2880 571 2940 quum
588 2880 604 2918 a
621 2859 708 2920 vobis
731 2858 901 2932 disteslero,
923 2860 1086 2941 nusquam,
1107 2879 1156 2924 aut

268 2964 288 2997 ιι
309 2940 420 2999 nullum
436 2938 521 2998 sore:
542 2961 596 2999 nec
616 2942 712 3005 enim,
731 2941 799 2998 dum
813 2960 892 2999 etam
912 2941 1085 3015 vobiscum,
1096 2945 1157 3004 ani·

267 3043 287 3077 ιι
306 3041 386 3080 mum
404 3040 501 3079 meum
512 3020 675 3090 videbatis;
689 3020 737 3080 sed
752 3042 819 3081 eum
832 3019 888 3080 elle
899 3022 928 3078 in
940 3021 998 3083 hoc
1010 3044 1156 3104 corpote,

267 3123 287 3157 ιι
308 3119 344 3160 ex
355 3102 388 3159 iis
398 3100 500 3168 rebus,
510 3122 579 3181 quas
591 3102 744 3182 gerebam,
755 3101 975 3181 intelligebatis:
992 3125 1003 3162 ι
1016 3107 1157 3168 'eumdem

266 3205 286 3241 ιι
306 3183 391 3265 igitur
408 3179 465 3242 elle
480 3182 642 3254 creditote‚
659 3186 747 3244 etiam
765 3185 788 3244 si
800 3185 912 3245 nullum
924 3185 1078 3247 videbitis.

300 3344 317 3379 2
338 3326 441 3380 Incolae.
463 3327 568 3378 Vicinos.
594 3326 691 3377 Habita·
725 3329 780 3386 tris,
799 3326 927 3380 addiscere.

267 3395 323 3445 bant
343 3395 364 3442 in
388 3406 467 3457 magna
490 3392 607 3449 Gracia.
641 3407 692 3454 quae
760 3385 903 3442 tEurrdein
931 3394 1005 3459 igitur
1025 3393 1079 3464 effe.
1095 3395 1112 3453 l.
1132 3410 1155 3453 e.

267 3460 333 3523 regio
352 3457 438 3512 lulis.
460 3457 519 3507 und«.¹
540 3457 612 3508 italici
629 3455 694 3510 disti.
726 3457 967 3523 assumsistis.

302 3534 316 3585 3
335 3523 455 3591 Accipere.
470 3520 560 3576 Audite
576 3534 590 3573 ι
607 3521 693 3590 magis!
769 3588 773 3596 Ι
