2817 4267
301 447 364 516 ²94
525 427 953 495 Tuscuaauanum

300 559 335 600 re
351 550 448 598 autern
465 536 563 610 malo,
582 536 613 597 id
633 558 693 598 non
724 536 844 608 dicitur;
868 556 921 596 nec
946 533 1027 595 enirn
1048 532 1120 595 esl'et
1137 532 1189 594 do·

300 618 431 682 lendum.
450 614 566 678 Dicitur
577 618 667 690 illud,
683 619 765 679 bono
786 638 905 692 carere;
922 617 1006 698 quod
1017 614 1061 677 est
1073 617 1189 678 malum.

300 699 360 761 Sed
374 720 410 761 ne
423 700 509 760 vivus
521 700 639 780 quidem
659 700 740 761 bono
757 717 856 772 caret,
881 702 906 760 si
926 720 964 760 eo
986 697 1050 758 non
1069 698 1187 779 indiget.
1229 761 1234 780 ¹

299 779 359 842 Sed
384 782 414 840 in
442 782 516 843 vivo
538 781 656 863 intelligi
685 798 784 841 tamen
812 779 928 861 potest,
954 800 1051 862 regno
1070 798 1186 840 carere:

299 862 358 923 dici
378 879 476 921 autern
492 864 549 923 hoc
560 864 590 923 in
607 881 636 924 te
652 860 714 922 satis
731 862 872 924 subtiliter
888 882 948 922 non
962 862 1082 942 poteslt
1100 859 1187 943 pollet

298 943 329 1003 in
347 939 532 1025 Tarquinio,
552 946 618 1005 clun
641 964 733 1025 regno
751 944 820 1006 esset
832 942 999 1027 expulsus:
1022 964 1053 1005 at
1067 944 1100 1003 in
1115 964 1188 1003 ntor·

298 1040 352 1085 tuo
367 1041 404 1086 ne
418 1025 539 1107 intelligi
551 1026 682 1106 quidem.
689 1024 800 1088 Carere
810 1028 887 1088 enim
897 1026 1050 1088 sentientis
1061 1025 1124 1087 est:
1138 1045 1188 1102 nec

297 1104 395 1166 sensus
404 1109 433 1165 in
443 1125 558 1167 mortuo
568 1128 575 1166 :
586 1127 622 1168 ne
637 1127 735 1169 carere
746 1108 864 1190 quidem
874 1109 999 1191 igiturin
1009 1123 1133 1168 mortuo
1142 1105 1188 1167 etl.

341 1186 499 1251 XXXVll.
519 1187 699 1271 Quanquam
716 1190 785 1271 quid
805 1210 881 1271 opus
899 1188 941 1250 est
960 1192 990 1248 in
1015 1188 1075 1248 hoc
1096 1187 1190 1270 philo·
1232 1191 1234 1200 '

299 1266 433 1348 sophari,
453 1272 521 1331 ciam
543 1290 606 1331 retn
627 1291 687 1331 non
706 1291 885 1353 magnopere
904 1267 1095 1351 philosophis
1107 1290 1189 1352 egere

299 1351 473 1429 ¹videamus?
491 1349 622 1430 Quoties
646 1372 707 1411 non
732 1353 823 1413 modb
851 1351 984 1413 ductores
1007 1350 1121 1423 nostri,
1143 1350 1188 1410 sed
1232 1347 1234 1376 ²

298 1434 431 1492 universi
447 1434 533 1493 etiam
549 1434 692 1494 exercitus
711 1436 746 1493 ad
764 1455 824 1495 non
842 1432 961 1493 dubiam
974 1451 1109 1493 mortem
1124 1454 1189 1493 con·

299 1511 548 1594 currerunthuae
563 1514 684 1595 quidem
703 1516 727 1575 si
745 1517 914 1586 timeretur,
931 1536 993 1577 non
1012 1514 1048 1574 L.
1067 1514 1187 1584 Brutus,

298 1614 399 1653 arcens
419 1615 486 1655 eum
500 1594 593 1655 reditu
613 1613 771 1676 tyrannum
786 1615 873 1678 quem
890 1594 951 1677 ipse
969 1595 1146 1677 expulerat,
1162 1598 1187 1653 in

322 1675 401 1733 raelio
423 1676 591 1749 concidisset
603 1697 618 1734 :·
633 1699 693 1736 non
718 1698 784 1737 cum
805 1678 913 1738 Latinis
933 1677 1091 1738 decertans
1109 1696 1188 1757 pater

298 1696 429 1826 llecius,
451 1777 519 1817 cum
540 1756 665 1819 Etruscis
682 1756 779 1829 filius,
800 1779 868 1819 cum
885 1758 1002 1838 Pyrrho
1022 1777 1142 1840 nepos,
1162 1756 1188 1818 se

296 1836 425 1899 hollium
445 1841 510 1899 telis
531 1837 699 1917 objecissent
720 1859 729 1900 t
755 1860 898 1906 nonuno
918 1839 999 1900 bello
1020 1861 1078 1919 pro
1103 1842 1190 1921 patria

299 1922 457 1990 cadentes,
485 1919 636 1999 Scipiones
668 1918 806 2000 Hispania
828 1919 959 1993 vidisset,
999 1919 1133 1980 Paullum
1159 1922 1187 1981 &

300 2000 461 2064 Geminum
479 1999 608 2073 Cannae,
627 1998 757 2062 Venusia
778 2000 967 2073 Marcellum,
987 2000 1083 2063 Latini
1102 2001 1188 2062 Albi·

298 2104 386 2156 num,
396 2084 501 2144 Lucani
513 2082 688 2144 Gracchum.
697 2083 778 2143 Num
788 2084 850 2165 quis
867 2084 971 2144 horum
983 2082 1070 2144 miser
1079 2083 1189 2144 hodie?

298 2161 348 2225 Ne
362 2183 423 2226 tum
432 2166 560 2304 ¹pridem
573 2164 637 2246 post
655 2186 667 2223 1
687 2163 817 2246 spiritum
837 2184 1022 2227 extremum:
1041 2186 1098 2226 nec
1113 2168 1190 2227 enim

297 2246 396 2340 potest
414 2267 429 2304 e
454 2266 470 2302 e
488 2244 573 2304 miser
595 2246 765 2327 quisquam,
788 2269 805 2308 2
825 2246 905 2309 sensu
919 2264 1091 2328 perempto·
1103 2247 1146 2307 At
1163 2246 1190 2306 id

297 2326 392 2406 ipsum
433 2327 529 2385 uidem
550 2326 684 2387 odiosum
698 2327 759 2401 esl,
779 2329 841 2390 sine
854 2328 935 2392 sensu
951 2327 1017 2391 esse.
1028 2327 1191 2397 Odiosum,

298 2408 324 2469 ai
344 2409 373 2468 id
431 2426 459 2466 er
473 2427 581 2468 carere.
599 2408 675 2469 Cum
690 2413 762 2472 verb
774 2409 958 2492 perspicuum
975 2411 1013 2469 sit
1034 2411 1108 2469 nihil
1133 2407 1193 2492 pos-

297 2488 330 2554 se
351 2491 379 2548 in
405 2510 442 2549 eo
465 2488 540 2560 esse,
559 2492 608 2570 qui
625 2488 684 2570 ipse
703 2510 762 2549 non
781 2491 843 2551 sit:
865 2492 936 2573 quid
955 2489 1051 2571 potest
1075 2489 1133 2552 esse
1162 2494 1191 2553 in

298 2592 337 2633 eo
355 2571 506 2646 odiosum,
523 2572 571 2653 qui
586 2592 640 2631 nec
657 2587 772 2643 careat,
789 2592 844 2634 nec
863 2572 988 2635 sentiati
1009 2571 1191 2655 Quanquam

293 2652 358 2723 hoc
384 2655 503 2738 quidem
523 2655 607 2713 nimis
628 2654 723 2735 saepe:
742 2652 867 2729 sedeo,
889 2647 968 2735 duod
991 2656 1020 2714 in
1038 2653 1098 2717 hoc
1117 2655 1190 2722 inest

299 2739 395 2798 omnis
421 2736 507 2796 animi
527 2737 703 2806 contraslio,
728 2754 764 2795 ex
786 2752 866 2796 metu
889 2736 1001 2797 mortis.
1023 2734 1090 2817 Qui
1111 2742 1189 2799 enim

298 2818 364 2880 satis
379 2817 500 2890 viderit,
519 2818 549 2877 id
567 2818 647 2901 quod
666 2815 707 2877 est
729 2816 793 2877 luce
811 2817 935 2888 clarius,
955 2817 1055 2879 animo
1075 2819 1109 2882 δι
1125 2841 1190 2880 cor·

296 2922 372 2981 pore
397 2897 593 2979 consumpto,
624 2916 749 2979 totoque
768 2900 913 2960 animante
928 2898 1045 2973 deleto,
1067 2900 1099 2963 &
1116 2900 1189 2962 fatto

296 2982 417 3042 interitu
443 2980 596 3051 universo,
619 2980 687 3039 illud
709 2981 838 3054 animal,
855 2980 934 3062 quod
958 2978 1062 3053 fuerit,
1085 2981 1189 3042 sadlum

297 3063 357 3125 elle
378 3062 465 3122 nihil:
484 3062 508 3120 is
527 3062 610 3140 plane
626 3059 799 3143 perspiciet,
818 3066 893 3122 inter
912 3061 1189 3143 Hippocentaurum

298 3148 349 3226 qui
365 3158 512 3226 nunquam
532 3142 635 3215 suerit,
655 3146 687 3205 δι
703 3164 802 3225 regem
815 3144 1074 3225 Agamemnonem
1088 3166 1102 3227 3
1119 3145 1187 3205 nihil

251 3256 254 3260 ·
296 3225 458 3288 interesse:
485 3246 538 3286 nec
557 3227 645 3307 pluris
665 3247 740 3285 nunc
760 3225 854 3286 facere
870 3225 912 3286 M.
932 3223 1110 3295 Camillum,
1131 3228 1186 3286 hoc

298 3309 387 3372 civile
405 3306 536 3384 bellum,
562 3307 648 3390 quim
668 3327 724 3389 ego
746 3308 798 3367 illo
823 3309 896 3369 vivo
915 3306 1039 3367 fecerim
1061 3307 1187 3369 Romam

334 3464 344 3498 1
357 3447 470 3513 Spiritum
484 3460 619 3497 extremam.
632 3444 664 3497 Le
675 3444 728 3497 der·
759 3455 811 3495 tout
825 3445 952 3495 sertituent.

299 3512 452 3576 riersoupir.
761 3522 763 3525 ’
794 3523 806 3572 3
837 3509 908 3557 Nihil
933 3509 1045 3577 imereffe.
1075 3509 1097 3563 ll
1117 3511 1187 3577 n'ya

333 3577 557 3648 aSerfirperempto.
571 3575 729 3644 hyantpetdu
761 3576 821 3629 nulle
842 3574 976 3630 diffsrtnce.

231 3703 317 3779 1
