2817 4267
305 421 370 507 256
606 417 627 484 S
647 431 670 485 o
691 439 719 486 tr
738 440 762 486 tt
781 440 794 485 t
813 439 838 486 o
857 439 887 485 ar

303 528 451 675 pertinere
469 522 519 586 vix
539 523 576 587 ad
595 529 678 588 unius
695 531 761 588 anni
782 544 896 610 partem
918 519 1054 608 exiguam
1073 517 1195 606 p'dtests

323 613 399 692 gitur
413 609 470 668 alte
490 608 616 689 spellare
638 611 661 668 ti
675 611 778 680 volet,
800 627 887 689 atque
906 607 981 666 hanc
1005 607 1130 680 sedern,
1159 608 1191 669 dt

305 709 442 750 aetrmam
461 689 581 748 domum
594 693 744 764 contueri;
764 708 861 771 neque
872 704 902 747 te
915 686 1098 747 sermonibus
1109 687 1189 767 vulgi

306 770 442 841 dederis,
460 789 513 828 nec
528 771 556 827 in
575 773 699 850 praemiis
716 771 848 829 humanis
861 767 939 848 spem
951 769 1083 848 posueris
1094 787 1189 826 rerutn

305 866 437 908 tuarum:
456 848 511 909 suis
528 867 557 908 te
577 867 696 930 oportet
710 851 855 909 illecebris
866 848 926 929 ipsa
941 852 1032 908 virtus
1051 848 1146 907 trahat
1156 847 1191 906 ad

305 950 410 990 verum
421 931 519 990 decus.
533 928 616 1008 Quid
631 932 668 990 de
683 949 712 990 te
726 932 772 988 alii
790 932 963 1010 loquantur,
976 929 1034 1010 ipsi
1053 929 1191 1000 videant3

291 1009 356 1070 'sed
372 1012 527 1091 loquentur
552 1029 676 1070 tamen:
702 1010 796 1070 sermo
816 1031 915 1070 aurem
940 1012 1038 1069 omnis
1063 1010 1137 1078 ille,
1157 1009 1189 1069 δι

304 1092 440 1173 angulliis
447 1094 568 1174 ringitur
578 1093 611 1150 iit
619 1093 770 1172 regionum
779 1136 787 1160 ,
796 1111 865 1172 quat
876 1091 977 1164 vides;
986 1109 1043 1149 nec
1052 1107 1190 1170 umquam

307 1173 346 1233 de
363 1173 423 1233 ullo
442 1174 576 1254 perennis
596 1170 670 1242 suit;
694 1174 726 1232 dt
744 1174 874 1231 obruitur
887 1173 1040 1231 hominum
1053 1171 1190 1242 interitu}
1209 1227 1214 1236 ,

307 1253 340 1317 &
356 1255 506 1314 oblivione
525 1250 699 1333 posteritatis
713 1252 802 1311 enssin
824 1254 909 1311 uitur.
986 1315 996 1321 ,

348 1333 431 1395 Vlll.
453 1332 530 1413 Quae
550 1353 638 1413 quum
658 1331 787 1402 dixisset,
805 1273 873 1413 bgo
892 1332 988 1403 verb,
1009 1331 1151 1412 inquam,
1172 1327 1191 1388 ὃ

309 1413 469 1487 Africane,
490 1414 651 1493 siquidem
677 1414 752 1472 bene
775 1416 884 1473 meritis
906 1413 943 1471 de
965 1414 1058 1493 patria
1081 1411 1193 1491 equari

309 1495 393 1555 limes
404 1495 439 1554 ad
452 1496 520 1553 coeli
534 1495 642 1553 aditum
653 1511 750 1573 patet,
761 1513 934 1574 quamquam
944 1512 959 1550 a
970 1491 1094 1572 pueritia
1107 1491 1191 1551 vesli-

309 1577 363 1658 giis
374 1574 507 1657 ingressus
525 1577 621 1655 patriis
633 1619 642 1646 ,
662 1576 694 1634 dt
714 1575 768 1633 tuis
779 1618 789 1643 ‚
801 1576 901 1634 decori
910 1572 1008 1633 restro
1019 1593 1080 1632 non
1093 1571 1190 1643 defui·;

309 1677 385 1716 nunc
410 1675 525 1723 tamen,
556 1671 636 1714 tanto
661 1657 783 1733 praemio
801 1652 967 1736 proposito,
987 1657 1079 1712 enitar
1101 1652 1192 1713 multb

309 1736 484 1816 vigilantior.
504 1733 539 1794 Et
556 1735 625 1807 ille,
655 1733 704 1795 Tu
722 1739 795 1794 verb
816 1739 945 1806 enitere,
964 1733 1049 1793 &sic
1067 1733 1192 1803 habeto,

309 1837 370 1876 non
389 1815 445 1876 elle
465 1833 494 1876 te
512 1818 692 1886 mortalem,
726 1815 774 1874 sed
795 1837 900 1894 corpur
928 1815 1012 1874 hoc:
1037 1834 1093 1875 nec
1117 1814 1191 1874 enim

309 1914 341 1958 tu
360 1899 382 1956 is
400 1917 449 1970 ea,
491 1916 558 1955 uem
576 1895 671 1956 forma
687 1894 740 1954 isla
760 1896 906 1970 declarat;
926 1893 977 1955 sed
997 1915 1079 1954 ment
1102 1891 1192 1973 cujus·

310 1998 389 2060 que,
411 1980 434 2036 is
453 1918 492 2036 ea
508 1975 648 2057 quisqne;
673 1997 733 2035 non
757 1996 790 2034 ea
811 1975 917 2058 figura,
939 1996 1004 2055 qnae
1026 1976 1121 2055 digito
1143 1974 1193 2033 de·

310 2056 461 2119 monstrari
478 2057 582 2138 potest.
601 2056 697 2116 Deum
714 2075 742 2115 re
755 2060 838 2138 igitur
854 2056 922 2115 scito
940 2055 1017 2115 esse:
1037 2057 1060 2114 si
1073 2054 1191 2135 quidem

310 2139 396 2201 Deus
412 2137 470 2206 est,
487 2140 535 2218 qui
552 2141 649 2218 viget,
663 2140 711 2217 qui
726 2136 825 2209 sentit,
842 2141 889 2217 qui
905 2137 1052 2203 meminit,
1068 2137 1192 2217 quiprt·

309 2221 408 2289 videt,
421 2219 469 2297 qui
479 2235 537 2276 tam
548 2222 637 2297 tegit,
649 2220 680 2279 δι
690 2219 872 2290 moderatur,
883 2217 913 2277 &
922 2235 1024 2277 movet
1035 2216 1066 2275 id
1077 2236 1192 2296 corpus,

309 2302 359 2358 cui
371 2319 429 2378 prae
452 2299 542 2354 ositus'
555 2299 609 2363 est,
634 2298 720 2375 qu‘am
741 2299 815 2357 hunc
834 2297 974 2358 mundum
994 2299 1131 2377 princeps
1149 2296 1193 2355 ille

308 2377 407 2438 Deus:
476 2394 507 2434 ut
526 2377 665 2435 mundum
679 2397 715 2435 ex
732 2379 856 2459 quadam
871 2397 951 2457 parte
964 2379 1121 2438 mortalem
1137 2375 1193 2457 iple

309 2457 394 2520 Deus
414 2473 551 2525 aeternus,
574 2460 614 2517 sic
634 2458 733 2540 fragile
752 2480 858 2541 corpus
877 2462 986 2519 animus
1003 2459 1193 2540 sempiternus

307 2556 420 2602 movet.
908 2549 913 2556 ’

353 2642 401 2682 20.
420 2616 494 2677 Nam
520 2638 536 2676 2
558 2618 636 2697 quod
665 2617 779 2701 semper
800 2636 951 2688 movetur,
974 2637 1119 2680 aeternutn
1141 2617 1191 2687 est,

310 2703 390 2783 quod
411 2719 507 2758 autem
525 2718 637 2758 morunt
654 2699 735 2759 affert
748 2702 852 2771 alicui,
875 2702 1014 2781 quodque
1028 2699 1123 2779 ipsum
1139 2701 1195 2780 agi·

309 2800 385 2841 tatur
396 2781 529 2849 aliunde,
551 2780 667 2857 quando
678 2780 767 2840 finem
778 2783 863 2841 haber
874 2782 1128 2852 motlrs,vivendi
1142 2783 1195 2839 ha·

309 2863 378 2921 beat
397 2859 507 2919 necesle
525 2860 576 2919 ell.
590 2859 689 2919 Solum
707 2864 809 2942 igitur,
829 2864 908 2943 quod
926 2861 953 2921 se
971 2860 1064 2941 ipsum
1079 2878 1195 2930 movet,

310 2945 378 3022 quia
393 2960 550 3020 numquam
571 2939 743 2999 delenitura
766 2941 819 3010 se,
842 2961 1001 3021 numquam
1018 2961 1057 3001 ne
1085 2942 1194 3002 moveri

311 3023 430 3100 quidem
452 3020 577 3080 desinit:
600 3023 668 3098 quin
689 3022 776 3081 eriam
794 3026 917 3096 ceteris,
940 3043 1004 3103 quae
1022 3041 1195 3093 moventur,

312 3102 358 3162 hic
380 3101 464 3171 sont,
482 3101 537 3159 hoc
558 3102 729 3181 principium
751 3102 792 3162 est
810 3102 970 3163 movendi:
994 3104 1130 3181 principii
1151 3120 1195 3161 att·

312 3200 375 3242 tem
398 3182 474 3240 nulla
488 3180 528 3239 esl
552 3182 654 3262 origo,
680 3205 746 3241 nam
770 3204 805 3243 ex
828 3186 969 3265 principio
992 3185 1125 3242 oriuntur
1138 3201 1196 3241 om·

292 3283 294 3288 ·
316 3265 384 3323 nia:
407 3261 498 3341 ipsum
519 3279 615 3321 autent
633 3265 711 3322 nulla
734 3283 769 3323 ex
789 3285 820 3324 re
842 3267 895 3325 alia
919 3263 994 3323 nasci
1014 3263 1131 3345 potest3
1149 3280 1199 3321 nec

353 3405 363 3437 r
388 3388 465 3478 Quasi
482 3386 555 3462 limes..
577 3387 678 3447 Sonitu,
697 3387 745 3440 ula.
778 3389 800 3439 in
821 3391 895 3441 anima
911 3390 1046 3455 principium
1057 3390 1090 3467 eli
1108 3389 1197 3465 mordas

316 3455 747 3573 iniustitia.tuta
778 3453 874 3524 nn
887 3457 960 3515 ll
979 3467 1199 3525 “ruffilli
