2817 4267
313 469 315 474 Ι
585 391 767 460 [ειη
807 393 850 456 Vi
1091 415 1150 480 μς

255 500 298 563 sic
312 493 434 566 homini
450 498 550 562 multir
564 486 702 583 quiddam
726 498 912 581 prestantius.
932 496 994 562 Etsi
1011 499 1151 583 prestan-

254 586 305 645 tia'
322 584 438 666 debent
450 604 484 643 ea
499 584 575 656 diei,
602 605 666 664 quae
684 583 793 643 habent
808 582 934 662 aliquam
948 588 1150 672 comparatio·

255 684 349 740 nem3
379 666 523 725 humanus
544 681 642 725 autem
668 666 780 724 animus
802 664 963 743 decerptus.
988 684 1024 723 err
1050 684 1152 725 urente

257 745 386 820 divina,
401 768 469 807 cum
482 747 539 806 alio
556 746 657 819 nullo,
677 748 731 805 nisi
749 765 815 805 curn
827 743 889 826 ipso
902 745 960 806 deo
968 790 979 818 ,
993 747 1017 805 si
1036 745 1092 805 hoc
1106 745 1151 806 fus

257 826 302 889 est
319 825 422 902 disto,
441 828 603 908 comparari
622 824 726 908 potest.
744 826 799 887 Hic
819 829 924 907 igitur,
939 828 963 885 si
989 825 1030 886 est
1049 831 1149 887 excul-

257 925 325 981 tus,
338 910 373 971 &
387 911 410 967 si
420 906 481 988 ejus
499 910 575 968 acies
586 911 625 968 ita
635 925 733 967 curata
744 906 804 980 est,
817 924 848 966 ut
860 927 897 966 ne
908 925 1031 968 tacetur
1042 912 1150 970 errori-

259 989 333 1076 b¹l⁵=
362 985 397 1049 fit
417 987 543 1070 perfeila
561 1008 663 1064 mens,
681 988 790 1057 idest,
812 986 941 1048 absoluta
957 988 1046 1048 ratio'i
1066 989 1149 1073 quod
1188 1021 1192 1028 «

262 1069 402 1132 effidem
416 1068 587 1139 virtui.Et,
614 1072 639 1129 si
664 1090 753 1130 omne
776 1069 894 1129 beatum
914 1067 976 1141 est,
1004 1070 1050 1130 cui
1077 1070 1149 1131 rrilril

258 1149 364 1224 deest,
380 1152 413 1211 δι
430 1152 510 1233 quod
526 1155 558 1213 in
578 1152 628 1210 suo
642 1171 750 1233 genere
763 1150 931 1230 expletum,
943 1170 1031 1231 atque
1048 1172 1150 1211 curnu»

257 1234 353 1294 larum
367 1232 409 1292 est
417 1276 426 1303 ,
449 1235 480 1293 δι
489 1233 578 1312 idque
589 1234 704 1293 virtutis
720 1230 759 1293 est
771 1235 921 1312 proprium
933 1251 939 1289 :
952 1232 1031 1291 certe
1045 1253 1152 1292 omnes

258 1316 376 1374 virtutis
387 1331 543 1394 compotes
559 1314 636 1372 beati
654 1312 725 1373 sunt.
745 1311 782 1372 Et
799 1314 855 1373 hoe
868 1314 987 1393 quidem
997 1313 1067 1371 milri
1080 1334 1151 1373 eum

259 1393 356 1455 Bruto
371 1397 532 1466 convenit,
558 1396 628 1454 item
654 1414 722 1454 eum
751 1393 929 1466 Aristotele,
959 1393 1149 1464 Xenocrate,

260 1471 449 1558 Speusippo,
468 1475 638 1537 Polemone.
659 1474 718 1535 Sed
737 1476 809 1535 milri
826 1476 962 1535 videntur
981 1478 1067 1534 eriam
1083 1476 1150 1535 bea·

260 1551 382 1618 tiffitnit
425 1557 473 1618 ui'd
490 1559 577 1618 enim.
590 1553 671 1617 deest
689 1556 726 1617 ad
746 1556 831 1615 beate
852 1556 1014 1616 vivendum
1033 1559 1079 1630 ei,
1099 1559 1158 1638 qui·

259 1636 385 1779 eonfipip
403 1579 462 1699 luis
477 1637 581 1699 bonis?
602 1638 717 1719 aut'qui
742 1634 863 1710 diffidit,
883 1637 986 1700 beatus
1011 1636 1068 1699 eise
1098 1639 1154 1721 qui

281 1738 331 1780 ote
369 1762 378 1777 .

258 1739 279 1800 P
301 1799 387 1860 XIV.
405 1799 447 1860 At
463 1796 576 1881 diffidat
592 1796 706 1860 neeesse
725 1797 787 1873 est,
804 1800 853 1879 qui
877 1801 955 1860 bona
979 1800 1085 1861 dividit
1097 1802 1152 1861 tri-

303 1882 380 1943 rtitb.
402 1880 467 1961 Qui
480 1884 557 1941 enirn
575 1882 683 1961 poterit
700 1897 749 1940 aut
765 1883 897 1960 corporis
915 1880 1077 1953 firmitate,
1102 1899 1152 1943 aut

275 1979 388 2024 ortunae
396 1960 547 2023 stabilita'te
559 1959 730 2022 confidere?
744 1980 771 2021 at
795 1965 822 2021 ui
835 1964 890 2021 nisi
901 1959 1011 2034 stabili,
1027 1964 1059 2023 &
1070 1960 1151 2034 fixo,

263 2038 497 2125 &permanente
510 2044 611 2116 bono,
631 2044 735 2104 beatus
757 1984 813 2104 este
832 2063 919 2103 nemo
941 2042 1046 2122 potest.
1066 2041 1152 2120 Quid

262 2124 273 2183 i
295 2124 351 2188 itur
371 2123 518 2204 ,ejusmodi
548 2123 669 2185 illorum
689 2122 753 2185 est?
785 2139 820 2183 ut
844 2124 913 2184 mihi
937 2122 1008 2184 illud
1027 2124 1159 2185 Laconis·

263 2144 374 2267 rituum
395 2208 424 2265 in
437 2205 614 2266 horcadere
635 2205 792 2277 videatur,
820 2205 869 2286 qui
884 2205 1019 2288 glorianti
1036 2205 1159 2268 cuidem
1185 2230 1187 2238 ·

262 2288 436 2358 mercatori,
456 2287 536 2368 qubd
556 2287 662 2346 multas
680 2305 770 2347 naves
785 2288 815 2345 in
827 2306 947 2348 omnem
969 2308 1050 2348 oram
1063 2289 1154 2348 mari·

261 2369 365 2430 rimam
376 2367 540 2438 dimifillet,
553 2367 695 2445 Nousant
707 2369 838 2447 optabilis
849 2371 954 2449 quidem
965 2372 1030 2451 ista,
1041 2371 1155 2451 inquit,

241 2452 456 2512 -,1ruderrribrrs
476 2468 543 2528 apta
557 2448 682 2529 fiiriurra.
704 2448 894 2512 Andubium
914 2450 971 2525 est,
990 2454 1059 2530 quin
1082 2452 1157 2511 nihil

263 2532 300 2592 sit
314 2532 480 2591 habendum
492 2533 520 2589 in
532 2551 569 2590 eo
583 2548 707 2610 genere,
719 2531 797 2610 quod
806 2532 873 2610 ¹vita
884 2532 968 2591 beata
980 2532 1154 2610 compleili-

224 2657 236 2669 κ.
263 2628 327 2685 tur,
345 2615 370 2673 si
388 2610 518 2693 id-poffit
531 2613 623 2670 amitti
634 2611 645 2671 ἓ
658 2610 740 2671 Nihil
752 2615 828 2681 enirn
840 2609 1065 2682 inveterascere,
1080 2615 1155 2673 nihil

263 2697 412 2777 extingui,
433 2694 502 2753 nihil
523 2693 626 2753 cadere
647 2693 736 2752 debet
759 2712 878 2763 eorum,
899 2694 928 2751 in
962 2693 1065 2771 quibus
1091 2698 1155 2755 vito

262 2774 349 2836 beata
362 2774 511 2854 consistit:
529 2794 596 2833 nam
610 2775 659 2853 qui
677 2775 793 2833 timebit
807 2794 845 2832 ne
856 2774 927 2854 quid
939 2793 975 2832 ex
987 2774 1030 2832 his
1048 2773 1156 2854 deper-

262 2857 331 2927 dat,
350 2858 452 2917 beatus
467 2854 721 2935 ellenonpoterit.
737 2854 882 2914 Volumus
901 2855 979 2914 enirn
999 2874 1082 2923 eum,
1104 2856 1156 2935 qui

263 2936 366 2998 beatus
388 2939 452 3009 sit,
478 2954 579 2995 tutum
604 2933 678 3007 effe,
709 2936 985 3017 inexpugnabilem,
1017 2933 1129 3014 septum
1143 2961 1155 3009 ,·

263 3036 350 3099 atque
374 3020 516 3077 munitum
535 3060 562 3086 ‚-..
578 3038 638 3075 non
665 3035 697 3076 ut
721 3039 814 3097 parvo
834 3034 913 3076 metu
937 3015 1081 3097 praeditus*
1099 3020 1156 3086 sir,

264 3099 315 3160 sed
339 3119 370 3159 ur
389 3099 479 3166 nullo.
498 3097 540 3157 Ur
560 3098 638 3156 enim
664 3091 803 3158 innocens
830 3098 997 3170 iudicitur,
1020 3117 1082 3158 non
1106 3099 1158 3181 qui

263 3180 369 3241 leviter
386 3198 493 3249 nocet,
517 3177 567 3238 sed
588 3180 636 3258 qui
658 3180 728 3237 nihil
761 3181 866 3250 nucei:
889 3181 928 3240 sic
950 3181 1010 3238 sine
1031 3182 1158 3238 metuis

264 3261 413 3323 habendus
432 3260 491 3331 est,
512 3281 572 3318 non
593 3261 641 3337 qui
662 3281 750 3339 parva
764 3262 888 3338 metuit,
905 3260 953 3319 sed
966 3260 1014 3340 qui
1029 3262 1156 3323 omnini)

263 3362 346 3404 metu
367 3352 460 3402 vacat.
483 3340 562 3420 Quae
580 3339 621 3399 est
635 3344 713 3400 enim
736 3344 789 3400 alia
810 3340 971 3411 fortitudo,
992 3343 1046 3399 nisi
1067 3342 1159 3400 animi

265 3421 379 3486 affefflo
409 3426 476 3484 clrm
497 3426 527 3482 in
558 3422 695 3483 adeundo
717 3424 871 3504 periculo,
897 3425 929 3486 iit
950 3423 979 3479 in
1000 3422 1100 3485 labore
1122 3439 1157 3508 πρ

299 3509 474 3581 rRudr‘rribus
491 3542 566 3596 apra,
590 3527 631 3596 qui
649 3525 741 3595 deperiri
759 3527 790 3583 tle
806 3523 1065 3654 quelquebtogrlnges.
1149 3521 1155 3552 ·'

953 3610 986 3672 VJ
