2817 4267
261 395 302 467 '32
496 375 903 460 Dn'Ornrcrn,
1089 465 1092 472 A

260 486 364 549 cienda
384 486 590 567 rempublicam
608 490 791 569 gerentibus,
806 490 892 570 quim
908 484 1037 571 quietis}
1051 491 1069 548 u
1081 475 1139 571 qui

262 570 353 649 magis
365 567 449 627 his&
458 570 627 651 magnitudo
635 572 722 630 animi
733 571 775 631 est
785 571 966 642 adhihenda,
974 570 1007 633 δι
1015 569 1140 632 vacuitati

260 648 297 709 ab
308 648 475 730 angoribus.
494 695 515 734 0

303 748 353 814 72.
365 725 415 788 A'd
425 749 486 789 rem
498 730 654 811 gerendam
664 748 761 792 autem
772 730 957 812 quiaccedit,
970 745 1096 809 caveat,
1105 747 1141 789 ne

229 882 231 887 k
263 809 295 869 id
317 810 407 869 modi>
425 812 607 883 consideret,
624 812 709 893 quim
734 813 782 873 illa
801 833 847 883 res
866 809 986 873 honesta
1009 814 1048 872 sit
1065 807 1141 884 used

259 892 350 951 etiam
362 935 372 961 ,
383 908 413 949 ut
424 891 529 958 habeat,
538 891 682 953 efficiendi
695 891 861 954 facultatem
870 888 918 953 :in
929 912 989 973 quo
997 892 1064 972 ipsu
1075 911 1141 952 con·

258 970 446 1030 'siderandum
459 971 519 1046 est,
537 994 574 1031 ne
590 991 637 1032 aut
648 974 758 1033 temere
771 973 917 1054 desperet,
935 989 1059 1054 propter
1068 974 1141 1053 igue·

264 1052 343 1111 viam
353 1074 365 1123 ,·
376 1071 423 1111 aut
439 1055 521 1115 nimis
537 1053 663 1113 confidat
674 1071 793 1135 propter
802 1052 999 1135 cupiditatem.
1008 1049 1044 1112 Iu
1055 1055 1141 1112 omni

264 1131 319 1191 bus
332 1152 429 1191 autem
443 1135 578 1214 negotiis,
590 1135 780 1216 priits,quim
789 1133 972 1216 aggrediare,
981 1132 1141 1194 adhibenda

258 1210 309 1273 est
320 1217 487 1293 praepatatio
498 1214 629 1295 diligens.
991 1267 1005 1286 ,

307 1292 404 1355 xxrl.
425 1293 484 1355 Sed
503 1316 591 1376 quum
616 1294 746 1375 plerique
764 1294 935 1354 arbitrentur
960 1314 1007 1354 res
1028 1291 1141 1353 bellicas

244 1403 246 1410 ¹
261 1372 479 1454 majores'elie,
491 1380 577 1456 quam
588 1376 710 1456 urbanas
720 1420 730 1445 ,
739 1376 894 1435 minuenda
904 1372 945 1435 est
955 1375 1017 1448 heec
1029 1374 1141 1454 opinio:

266 1455 351 1517 multi
365 1458 442 1515 enim
453 1458 530 1515 bella
544 1456 618 1536 saepe
633 1457 941 1537 quaesieruntptopter
960 1455 1059 1536 gioria
1071 1454 1141 1533 cupi

260 1535 386 1597 ssditarem
398 1558 407 1609 ;
421 1554 507 1617 atque
520 1538 550 1595 id
560 1539 589 1595 in
600 1538 711 1619 magnis
723 1539 824 1597 animis
835 1534 1012 1618 ingeniisque
1024 1534 1141 1630 plerum¹

261 1635 326 1696 que
339 1617 496 1696 conringir3
515 1616 609 1696 edque
621 1619 711 1698 magis
724 1661 735 1687 ,
748 1620 771 1677 si
783 1615 896 1678 suntad
914 1636 975 1676 rem
993 1616 1141 1676 mrlitarerr

259 1696 348 1775 epti,
367 1698 398 1757 δι
413 1698 509 1777 cupidi
522 1697 666 1757 bellorum
685 1698 890 1778 gerendorum.
910 1695 991 1757 Vere
1007 1711 1106 1754 autern
1127 1695 1141 1753 s*

268 1776 405 1839 volumus
417 1776 545 1852 judicate
558 1822 567 1849 ,
581 1780 678 1860 multae
696 1798 741 1837 res
753 1776 919 1838 exstiterunt
930 1775 1048 1839 urbunae
1059 1771 1141 1853 majo

267 1878 314 1918 res
325 1857 535 1939 clarioresque,
555 1859 640 1938 quint
651 1859 772 1918 bellicae.
1131 1858 1139 1864 ”

310 1957 360 2018 7ς.
377 1938 523 2017 Quamvis
538 1942 615 1999 enim
629 1938 842 1999 Themistocles
856 1936 922 2016 -jure
942 1936 1076 2016 laudetur
1091 1980 1100 2010 ,
1119 1934 1141 1993 dl

244 2070 247 2074 .
268 2020 307 2081 sit
328 2018 389 2099 ejus
408 2040 535 2091 nomen,
554 2020 640 2099 quim
657 2018 793 2089 Solonis,
814 2018 950 2079 illustrius
964 2063 974 2091 ,
987 2017 1141 2095 citerurqut

226 2175 228 2179 Ι
269 2099 412 2171 Salamis,
438 2102 600 2159 clarissimae
614 2098 691 2160 testis
710 2098 859 2170 vidioriae,
877 2120 941 2179 quae
960 2112 1141 2177 anteponatur

271 2182 396 2242 consilio
413 2179 547 2248 Solonis,
559 2184 615 2249 ei,
636 2202 695 2261 quo
711 2181 835 2258 ptimiun
855 2199 867 2237 1
890 2176 1034 2239 constituit
1054 2176 1141 2236 Areo

270 2263 402 2341 pagitas3
423 2280 481 2317 non
498 2261 591 2319 minius
604 2262 771 2339 praeclarum
795 2262 873 2333 hoc,
896 2258 983 2339 quitur
994 2256 1088 2327 illud,
1105 2253 1141 2335 ju·

235 2382 237 2386 -
271 2340 428 2401 dicandum
447 2336 498 2397 est.
518 2338 593 2397 lllud
611 2343 687 2398 eninr
709 2340 795 2415 semel
816 2338 944 2419 profuit,
967 2338 1024 2397 hoc
1040 2338 1141 2415 sempe:

272 2419 403 2501 proderit
420 2420 556 2494 civitati:
581 2422 638 2479 hoc
658 2422 781 2480 consilio
806 2421 885 2500 leges
911 2419 1131 2479 Atheniensium

271 2504 331 2563 hoc
344 2498 486 2575 majorum
499 2497 622 2559 instituta
633 2494 791 2561 servantur.
809 2500 846 2559 Et
859 2497 1074 2559 Themistocles
1090 2497 1141 2575 qui

274 2582 345 2656 dent
359 2581 429 2639 nihil
442 2582 568 2649 dixerit,
586 2585 613 2639 in
630 2602 689 2661 quo
704 2582 765 2661 ipse
785 2582 971 2661 Areopagum
991 2576 1134 2654 adiuverit

274 2681 305 2723 at
328 2662 376 2721 ille
397 2664 488 2734 vere,
512 2683 527 2719 a
552 2660 579 2719 se
600 2662 729 2739 adjutum
750 2660 990 2722 Themistoclem.
1007 2656 1056 2718 Est
1079 2658 1141 2718 enin

232 2785 236 2792 ‹
275 2744 385 2804 bellum
397 2741 507 2823 gestum
519 2744 642 2803 consilio
656 2740 766 2802 senatus
784 2740 866 2821 ejus,
886 2742 934 2821 qui
947 2737 1083 2799 aSoione
1097 2758 1141 2798 era

276 2824 457 2897 constitutus.
666 2875 669 2881 .
859 2851 865 2859 ·
1050 2859 1056 2865 -

318 2901 369 2980 76.
388 2902 469 2961 Licet
483 2903 584 2960 eadem
598 2902 639 2967 de¹
648 2901 799 2973 Pausania,
815 2898 1024 2981 Lysandroque
1038 2900 1136 2960 dicere

277 3002 403 3062 quorum
431 2983 514 3041 rebus
541 2980 623 3061 gestis
646 3003 820 3062 quamquam
845 2984 997 3060 imperium
1019 2979 1140 3040 Lacedae

279 3063 386 3124 moniis
407 3060 553 3122 dilatatum
575 3070 708 3143 putatur,
727 3080 825 3123 tamen
843 3081 881 3122 ne
901 3060 1020 3121 minine
1040 3061 1141 3142 quidet

279 3193 282 3259 s
314 3229 330 3263 2
341 3211 394 3282 Qui
402 3214 476 3274 nugis
487 3210 533 3261 liis.
543 3208 635 3276 Nempe
643 3223 702 3260 rem·
735 3212 793 3261 lrnnc
805 3208 880 3259 Solon
891 3209 983 3272 rellituit
995 3246 1002 3268 ,
1013 3213 1039 3262 &
1056 3211 1078 3261 in
1090 3212 1141 3276 prill

279 3278 397 3350 publicum
408 3274 549 3337 gerentibus.
735 3288 788 3324 uum
801 3274 880 3323 [latum
900 3278 1031 3327 revocavit.
1055 3277 1141 3341 Areopt

316 3357 327 3392 1
339 3340 460 3402 constitnit
473 3340 636 3408 Areopagitas.
648 3337 703 3388 Nun
736 3340 786 3398 ulta
796 3339 949 3403 andtingmrl-
958 3352 1022 3391 etant
1032 3340 1141 3391 senatores

283 3407 375 3475 quidem
394 3408 498 3471 primus,
520 3403 558 3453 sed
578 3416 645 3467 ‹luum
663 3417 703 3455 eo·
738 3401 766 3453 lte
781 3401 833 3452 dieti
853 3416 864 3450 a
884 3404 941 3452 vico
961 3401 1109 3474 Areopago,
1125 3422 1140 3457 u

283 3486 333 3524 rum
348 3470 471 3522 uulluritus
488 3468 604 3520 imminuta
615 3466 704 3534 luillet,
738 3467 904 3536 ciatremplum
916 3466 1008 3524 lllurtis.
