2817 4267
302 420 367 478 '222'
552 411 630 477 De·
663 412 926 480 Antctrra‘.

305 513 475 591 molestius,
490 520 571 600 quod
592 522 718 600 peccatis
735 520 906 602 indulgens,
927 516 1197 603 precipitenamta

304 622 374 662 cum
391 598 458 661 ferri
476 604 563 660 sinit:
591 604 716 661 maxima
734 619 831 661 autem
847 602 932 681 culpa
951 603 980 661 in
999 621 1037 664 eo
1060 602 1122 672 est,
1144 603 1200 684 qui·

305 683 342 744 δι
355 684 508 741 veritatem
521 680 709 762 aspernatur,
729 685 759 742 δι
777 684 806 741 in
827 684 957 742 fraudem
977 683 1120 763 obsequio
1140 685 1196 742 im·

305 762 433 843 pellitur.
451 760 650 843 Omni'igitut
675 764 727 821 hac
747 764 777 821 in
797 782 828 821 re
845 763 977 824 habenda
1000 766 1075 825 ratio
1096 765 1128 824 &
1148 764 1195 821 di·

303 844 426 923 ligentia
444 841 508 916 est3
533 846 676 923 primunt,
698 861 731 902 ut
746 845 870 905 monitio
889 846 1063 918 acerbitate,
1088 844 1195 908 deinde

306 923 472 1005 objurgatio
500 925 675 984 contumelia
704 941 800 983 careat
826 947 833 985 :
868 927 897 985 in
930 924 1073 1007 obsequio
1100 942 1201 1008 aqtem-

304 1004 321 1085 (
333 1008 470 1086 quoniam
482 1002 663 1081 Terentiano
676 1006 770 1066 verbo
783 1006 917 1067 lubenter
929 1009 1034 1067 utimur
1046 1008 1059 1086 )
1072 1007 1195 1066 comitas

305 1086 398 1159 adsit3
408 1085 574 1157 assentatio,
587 1090 724 1148 vitiorum
737 1084 877 1162 adiutrix,
892 1089 995 1169 procul
1006 1105 1197 1158 amoveatur,

308 1187 376 1247 quae
385 1189 445 1227 non
461 1169 553 1227 modb
565 1172 677 1238 amico,
691 1166 741 1227 sed
759 1188 796 1226 ne
805 1168 898 1228 libero
909 1169 1027 1249 quidem
1040 1170 1129 1248 digna
1138 1165 1196 1229 est:

306 1248 391 1311 aliter
409 1250 487 1308 enim
507 1269 573 1309 cum
595 1266 743 1330 tyranno,
764 1249 847 1309 aliter
869 1270 935 1320 cum
949 1252 1043 1311 amico
1056 1251 1177 1311 vivitur.

269 1362 272 1368 =
351 1335 401 1410 96.
422 1328 514 1408 Cujus
532 1348 628 1389 autern
650 1350 733 1391 aures
752 1332 865 1390 veritati
883 1330 984 1391 clausae
1003 1330 1086 1403 sunt,
1114 1346 1146 1390 ut
1161 1328 1197 1389 ab

308 1413 404 1471 amico
417 1431 521 1471 verum
536 1410 634 1471 audire
647 1429 811 1491 nequeant,
832 1409 917 1488 hujus
935 1410 1006 1471 salus
1019 1412 1198 1493 desperanda

308 1490 369 1551 est:
390 1514 409 1564 4
421 1491 520 1553 scitum
534 1492 575 1552 est
589 1494 667 1551 enirn
680 1492 751 1551 illud
762 1490 904 1565 Catonis,
926 1512 957 1554 ut
978 1493 1084 1554 multa:
1097 1518 1116 1562 tt
1131 1491 1198 1551 Me-

308 1588 329 1631 n
351 1573 406 1631 libs
422 1573 460 1632 de
480 1573 651 1653 quibusdam
670 1571 791 1633 acerbos
811 1576 943 1634 inimicos
962 1576 1068 1635 mereri
1080 1567 1197 1655 ,quim

306 1673 330 1711 aa
353 1672 405 1712 eos
417 1654 526 1712 amicos
541 1699 549 1724 ‚
569 1654 731 1742 quulces
741 1654 913 1715 videantur:
927 1654 993 1717 illos
1007 1675 1112 1716 verum
1122 1654 1197 1736 sape

311 1758 331 1791 n
353 1734 470 1805 dicere,
485 1734 539 1794 hos
556 1735 715 1815 numquam
726 1760 754 1794 n.
772 1734 870 1818 Atque
882 1735 955 1804 illud
972 1733 1128 1796 absurdum
1139 1733 1197 1806 e'tt,

310 1814 393 1895 qubd
406 1817 446 1887 ii,
474 1818 525 1896 qui
545 1836 722 1889 monentur,
743 1837 808 1876 eam
832 1809 1013 1885 molestiam,
1035 1823 1123 1896 quam
1148 1816 1197 1876 de·

310 1896 383 1957 bent
395 1917 520 1977 capere,
541 1918 601 1956 non
617 1899 752 1977 capiunt;
775 1910 843 1956 earn·
855 1899 992 1977 capiunt,
1015 1897 1072 1979 qui
1090 1896 1198 1957 debent

308 1997 438 2042 vacate:
487 1977 594 2039 eccalle
618 1982 696 2039 enim
723 1979 752 2038 le
780 1999 840 2039 non
864 1996 1022 2059 anguntur,
1049 1977 1197 2059 objurgari

310 2058 436 2121 moleste
456 1999 572 2134 idrunt3
594 2061 674 2142 quod
694 2076 795 2121 contra
814 2059 993 2141 oportebat,
1020 2059 1127 2120 deleto
1145 2060 1199 2122 do·

309 2139 394 2214 lete,
415 2140 595 2201 corredione
613 2142 750 2223 gaudere.

324 2251 327 2257 ·
354 2220 454 2286 XXV.
471 2222 513 2281 Ut
531 2223 616 2303 igitur
635 2223 801 2297 &monere
813 2247 829 2293 ,·
845 2223 876 2283 &
897 2222 1028 2295 moneri,
1046 2223 1198 2303 proprium

306 2302 355 2363 'est
374 2323 451 2363 verae
468 2305 601 2363 amicitiae
612 2324 621 2375 ;
642 2306 673 2365 ὃ(
687 2304 810 2364 alterum
830 2303 921 2364 libere
939 2301 1054 2373 lacere,
1076 2325 1137 2363 non
1156 2301 1200 2362 al·

310 2384 402 2466 pere3
427 2386 548 2446 alterum
568 2385 711 2466 patienter
727 2387 879 2465 accipere,
904 2405 963 2444 non
983 2401 1198 2465 repugnantett

309 2470 356 2531 sic
374 2465 608 2538 habendumest,
629 2465 737 2527 nullam
752 2468 781 2527 in
794 2466 926 2526 amicitiis
939 2462 1050 2547 pestem
1063 2464 1122 2525 elle
1137 2487 1199 2525 ma·

309 2551 429 2633 iorem,
444 2549 529 2631 quim
540 2548 736 2608 adulationem
747 2596 752 2616 ‚
764 2547 950 2617 blanditiam,
965 2545 1200 2606 allentationem:

312 2634 447 2714 quamvis
471 2633 548 2691 enirn
571 2631 668 2689 multis
690 2630 855 2689 nominibus
876 2628 923 2689 “est
941 2628 997 2689 hoc
1024 2630 1128 2687 vitium
1149 2649 1200 2687 no·

313 2714 454 2784 randum,
469 2714 578 2774 levium
590 2712 740 2771 hominum
757 2728 844 2790 atque
864 2708 1026 2781 fallacium,
1040 2709 1076 2768 ad
1097 2710 1201 2770 volun·

313 2813 405 2856 tatem
424 2796 604 2875 loquentium
615 2796 713 2852 omnia
724 2838 733 2862 ,
745 2794 817 2852 nibil
828 2791 863 2852 ad
879 2793 1042 2853 veritatem.

358 2896 407 2957 92.
426 2876 528 2954 Quum
548 2895 644 2935 autem
658 2876 789 2935 omnium
809 2893 904 2934 return
926 2872 1074 2931 simulatio
1096 2870 1137 2932 est
1155 2871 1201 2931 vi-

313 2957 390 3018 tiosa
411 2956 425 3036 (
444 2976 456 3014 r
478 2956 552 3015 tollit
569 2958 646 3015 enim
665 2953 805 3034 judicium
822 2958 903 3023 veri,
927 2952 1015 3033 idque
1035 2952 1201 3032 adulterat)

314 3056 378 3099 turn
389 3038 521 3098 amicitie
532 3054 671 3119 repugnat
686 3033 830 3097 maxime‘:
847 3035 927 3094 delet
938 3037 1014 3093 eninr
1028 3035 1203 3108 veritatem,

316 3122 379 3179 tine
388 3139 444 3198 qua
456 3139 564 3202 nomep
575 3118 707 3178 amicitiae
723 3118 821 3177 valere
832 3136 890 3176 non
904 3114 996 3195 potell
1008 3136 1020 3175 t
1032 3135 1099 3174 nant
1113 3133 1201 3195 quum

317 3202 452 3261 amicitiae
469 3203 513 3260 vis
527 3202 563 3259 sit
587 3203 614 3257 in
638 3220 696 3269 eo,
719 3218 750 3257 ut
773 3218 845 3257 unus
864 3198 944 3277 quasi
966 3196 1077 3255 animus
1098 3194 1149 3254 fiat
1165 3213 1201 3254 ex

317 3283 448 3366 pluribus
460 3304 470 3357 3
489 3282 538 3363 qui
567 3282 598 3341 id
618 3278 679 3341 fieri
696 3281 823 3361 poterit,
848 3280 929 3354 sine
953 3278 983 3337 in
1005 3297 1064 3347 uno
1086 3277 1201 3358 quidem

353 3410 479 3471 4Scinn1.
499 3406 625 3457 Prudenter
642 3408 667 3457 bc
681 3404 749 3457 acute
781 3404 837 3458 lucit
852 3415 876 3455 ut
896 3419 978 3457 verunt
997 3420 1010 3457 a
1028 3403 1086 3458 falso
1107 3399 1205 3474 dignosci

313 3473 404 3527 dilium
415 3474 447 3524 cll
457 3474 510 3524 illud
528 3472 635 3523 Catonis.
782 3484 829 3523 uun
845 3472 930 3538 possit.

356 3553 369 3594 1
389 3539 463 3589 Tollit
477 3542 537 3591 enim
551 3538 665 3603 judicium
683 3537 733 3586 reri
742 3569 749 3597 ,
