2817 4267
591 402 771 465 Lruen
811 403 836 465 l.
1094 427 1150 490 303

267 524 353 581 nen,
376 521 410 566 ut
431 519 614 567 mortuorum
634 528 759 587 corpora
784 507 854 568 nihil
870 507 974 570 sentire
993 509 1161 572 sentiamus.

270 588 425 669 Quantum
448 606 545 648 autern
570 586 773 649 consuetudini
794 588 937 672 sama-‘que
954 591 1082 651 dandum
1106 591 1160 666 srt,

267 669 294 731 id
313 681 421 731 curent
439 672 524 728 vivi:
542 668 642 729 sedita
654 689 686 730 ut
701 671 877 753 intelligant,
900 671 970 730 nihil
987 674 1016 733 id
1031 673 1068 733 ad
1078 693 1160 732 mor·

263 766 331 813 tuos
357 752 515 832 pertinere.
531 749 589 810 Sed
607 751 741 832 professi)
761 774 842 813 mors
857 771 918 813 tum
928 752 1087 834 aequislimo
1099 757 1160 813 ani·

262 854 313 894 mo
327 834 498 915 oppetitur,
512 835 608 906 4ci1m
620 833 673 893 suis
686 834 714 893 se
726 835 858 895 laudibus
868 837 928 896 vita
938 836 1075 896 occidens
1086 857 1160 896 con·

258 914 350 975 solari
369 913 475 995 potest.
490 913 588 973 Nemo
610 936 711 994 parum
731 919 780 975 rliu
796 917 887 990 vixit,
908 918 956 996 qui
969 919 1082 978 virtutis
1097 938 1160 997 per·

259 995 347 1056 feetae
381 993 510 1076 persedo
532 993 644 1054 fundus
668 997 710 1055 est
742 1018 872 1058 munere.
894 998 990 1057 Multa
1013 998 1158 1077 mihiipsi

257 1078 301 1137 ad
313 1096 444 1137 mortem
456 1075 630 1156 tempestiva
645 1076 778 1151 suerunt,
798 1099 862 1158 quae
878 1082 985 1138 urinam
1003 1077 1158 1158 potuissem

260 1159 369 1221 obire!
392 1158 474 1217 Nihil
494 1160 571 1218 enim
594 1156 653 1237 jam
673 1162 891 1236 acquirebatur:
912 1162 1055 1221 cumulata
1076 1178 1158 1221 erant

261 1238 362 1300 officia
382 1241 469 1298 vitae:
495 1261 561 1299 curn
579 1239 694 1299 sortunai
715 1240 792 1299 bella
813 1240 966 1301 restabant.
991 1240 1113 1319 Quare,
1136 1241 1159 1301 st

263 1320 323 1402 ipsa
342 1324 417 1380 ratio
431 1321 525 1380 minias
545 1318 695 1402 perficiet,
718 1340 750 1380 ut
766 1340 891 1381 mortem
904 1323 1052 1403 negligere
1069 1320 1157 1401 poffi·

265 1422 328 1461 mus
339 1424 350 1476 ;
373 1420 401 1461 at
426 1404 485 1461 vita
504 1401 564 1461 atla
587 1400 739 1482 perficiat,
758 1419 789 1461 ut
806 1402 871 1462 satis
892 1402 1034 1484 superque
1056 1401 1158 1463 vixisle

266 1485 428 1543 videamur.
467 1481 646 1564 Quanquam
674 1486 752 1543 enirn
784 1482 878 1543 sensus
907 1485 1029 1556 abierit,
1058 1502 1156 1544 tamen

267 1562 382 1625 summis
400 1567 569 1645 &propriis
589 1567 674 1624 bonis
695 1567 727 1627 &
747 1564 837 1626 laudis
858 1567 890 1625 &
912 1567 1032 1645 gloriae,
1053 1587 1157 1646 quam·

266 1647 308 1706 vis
330 1667 391 1706 non
412 1646 550 1717 sentiant,
577 1649 684 1705 rnortrri
704 1668 763 1704 non
779 1663 887 1708 carent.
909 1645 968 1728 Etsi
990 1649 1066 1707 enim
1085 1646 1154 1707 nihil

267 1726 295 1785 in
313 1726 341 1786 se
366 1726 470 1785 babeat
494 1727 604 1807 gloria,
623 1750 673 1786 cur
693 1747 863 1805 expetatur,
883 1744 980 1788 tamen
1009 1731 1151 1789 virtutem

266 1809 515 1890 tanquamumbra
534 1808 669 1889 sequitur.
681 1808 794 1869 Verum
811 1809 1002 1868 multitudinis
1013 1808 1154 1885 judicium

264 1889 297 1950 de
315 1891 402 1950 bonis
410 1932 421 1964 ,
445 1888 597 1971 siquando
612 1889 653 1950 est
662 1934 673 1962 ,
693 1892 785 1972 magis
796 1889 972 1950 laudandum
987 1889 1045 1964 est,
1065 1890 1153 1971 quim

264 1971 301 2031 illi
324 1973 364 2032 ob
387 1991 452 2032 eam
474 1992 537 2031 rem
554 1971 643 2031 beati.
856 2037 865 2046 N

301 2051 412 2113 XLVI.
454 2052 525 2112 Non
557 2052 671 2135 polium
706 2069 804 2113 autem
846 2052 982 2123 dicere,
1030 2070 1152 2132 quoquo

265 2134 352 2196 modo
376 2134 435 2194 hoc
455 2136 629 2214 accipiatur,
647 2129 837 2215 Lycurgum,
864 2132 1025 2205 Solonem,
1052 2133 1151 2213 legum

264 2216 436 2297 &publicae
457 2215 614 2297 disciplinae
637 2236 734 2275 carere
755 2215 868 2296 glorid;
896 2211 1152 2288 Themistoclem,

263 2294 494 2379 Epaminondam
515 2299 626 2358 bellicae
643 2298 767 2357 virtutis.
783 2296 863 2356 Ante
881 2296 959 2357 enim
978 2292 1152 2357 Salaminam

260 2377 346 2460 ipsam
365 2379 523 2459 Neptunus
545 2381 670 2451 obruet,
690 2377 776 2459 quim
796 2375 943 2438 Salaminii
964 2379 1067 2460 tropaei
1086 2399 1153 2440 me·

261 2464 407 2535 moriam3
436 2459 570 2543 priusque
596 2460 711 2521 Boeotia
736 2457 854 2518 Leudlra
877 2459 1034 2530 tollentur,
1061 2460 1150 2540 quim

260 2563 364 2624 pugnae
388 2541 544 2622 Leuclricae
576 2542 675 2623 gloria.
702 2538 798 2599 Multb
820 2555 916 2599 autem
938 2540 1046 2599 tardius
1071 2539 1148 2603 fama

259 2625 373 2685 deseret
393 2621 535 2696 Curium,
552 2623 736 2696 Fabricium,
755 2619 938 2691 Calatinum,
958 2620 1017 2681 duo
1033 2618 1151 2702 scipta»

258 2725 327 2780 nes,
356 2705 417 2765 duo
439 2704 614 2778 Africanos,
640 2704 824 2773 Maximum,
846 2701 1039 2772 Marcellum,
1064 2700 1150 2763 Pauli

257 2785 316 2848 lum
326 2823 338 2861 5
358 2785 527 2860 Catonem,
549 2787 687 2857 Laelium,
712 2782 935 2846 innumerabiles
954 2781 1048 2840 alios:
1072 2803 1149 2862 quo·

255 2889 319 2928 rum
353 2865 568 2930 similitudinem
588 2870 716 2944 aliquam
740 2867 790 2947 qui
808 2864 977 2947 arripuerit,
1003 2882 1064 2922 non
1083 2883 1148 2929 eam

254 2948 329 3009 fama
355 2949 509 3031 populari,
536 2949 586 3009 sed
616 2947 687 3010 veri
711 2948 856 3008 bonorum
887 2944 973 3006 laude
1001 2945 1146 3018 metiens,

254 3028 356 3091 fidenti
365 3033 465 3091 animo
478 3028 492 3113 (
506 3052 516 3090 1
530 3029 551 3089 sr
565 3033 603 3090 ita
616 3051 662 3091 res
678 3029 776 3112 seret)
793 3028 938 3111 gradietur
950 3026 985 3085 ad
998 3033 1147 3101 mortem,
1198 3055 1202 3059 ·

254 3111 357 3193 inqua
377 3128 426 3172 aut
444 3111 585 3172 summum
607 3112 736 3184 bonum,
757 3126 806 3171 aut
823 3111 935 3171 nullutn
957 3107 1066 3170 malum
1088 3106 1147 3168 esse

254 3195 495 3275 cognovimusa
516 3192 656 3255 Secundis
675 3193 749 3257 verb
770 3189 826 3254 suis
849 3192 937 3254 rebus
956 3189 1041 3252 uolet
1057 3191 1145 3252 etiarn

285 3365 429 3429 4cgmfhis
436 3311 475 3428 g,
491 3364 542 3417 &g
556 3363 642 3479 (quand
653 3378 682 3415 ,n
729 3405 736 3427 ν
749 3353 762 3389 1
775 3340 804 3389 Si
817 3344 853 3388 ira
861 3358 896 3390 m
901 3342 975 3409 farer.
984 3341 1007 3393 Si
1017 3340 1144 3394 l'occalron

255 3439 361 3480 nourant
373 3443 405 3479 nu
420 3444 474 3494 peut
486 3431 508 3481 le
522 3443 567 3482 con
579 3429 631 3481 oler
642 3443 683 3494 par
717 3419 765 3456 ⁵²¹¹
777 3404 890 3470 Psss‘m‘·

749 3487 765 3521 2
774 3469 944 3535 Secundisfiris
953 3472 1026 3520 rebus·
1043 3473 1083 3526 Au
1092 3469 1143 3536 mle

255 3491 683 3563 terenargiageu’avorruienrecu.
715 3533 764 3590 lieu
781 3535 812 3590 de
833 3537 868 3590 m
885 3536 1035 3605 progemes·
