2817 4267
295 459 357 504 202
556 434 627 500 Dr
667 436 919 502 Anrcrrrr.
1092 511 1095 516 ¹

293 545 398 605 bantur
413 561 421 603 τ
437 559 614 625 quamquam
626 542 675 604 ille
693 545 813 626 quidem
827 545 900 605 nihil
910 535 1057 607 difficilius
1073 545 1127 609 el'e
1139 547 1187 610 dia·

240 636 244 643 '
294 626 400 698 cebet,
421 624 508 705 quim
528 626 682 686 amicitiam
695 625 783 706 usque
801 628 839 686 ad
856 633 1023 688 extremum
1038 630 1107 690 ritae
1119 651 1190 711 per·¹

295 725 413 766 manere
430 726 436 763 :
456 726 545 779 nam,
570 707 619 766 vel
637 727 668 766 ut
686 728 746 767 non
767 706 846 768 idem
874 709 1029 789 expediret
1049 715 1186 792 utrique,

293 788 422 848 incidere
440 787 537 868 saepe;
564 789 613 847 vel
629 807 660 847 ut
681 790 718 847 de
739 788 887 867 republica
912 792 1076 853 nunidem
1096 792 1186 851 senti·

292 887 382 928 rent:
403 871 507 928 mutari
535 871 621 930 etiam
649 890 750 929 mores·
767 870 918 930 hominum
949 870 1026 954 saepe
1049 873 1186 944 dicebat,

292 948 360 1009 aliis
377 951 508 1010 adversis
528 952 631 1018 rebus,
650 951 717 1012 aliis
735 970 819 1012 aetate
839 952 1083 1034 ingravescente:
1097 954 1192 1034 atque'

294 1052 396 1092 earum
432 1053 528 1091 rerum
560 1034 792 1112 exemplum'ex
822 1034 1014 1094 similitudine
1050 1037 1183 1094 calebat

291 1113 422 1174 ineuntis
438 1116 550 1184 aetatis,
570 1116 649 1194 qubd
671 1113 774 1174 summi
793 1135 952 1195 puerorum
970 1058 1183 1196 amoressaepe

294 1194 353 1255 uni
374 1214 387 1255 ι
410 1217 476 1255 cum
495 1214 628 1275 praetexta
648 1214 665 1253 2
687 1214 875 1276 ponerentur.

339 1299 387 1360 34.
414 1276 464 1338 Sin
481 1296 577 1336 autem
595 1276 631 1335 ad
650 1276 874 1340 adolescentiam
895 1275 1094 1359 perduxillent
1105 1297 1115 1351 ;
1137 1276 1182 1336 di·

294 1360 362 1420 rimi
385 1379 481 1420 tamen
503 1358 647 1417 interdum
666 1362 872 1431 contentione,
897 1360 948 1419 vel
976 1363 1088 1419 uxoriae
1111 1378 1181 1417 con·

294 1442 434 1511 ditionis,
456 1442 505 1498 vel
523 1439 674 1499 commotli
696 1437 840 1514 alicuius,
862 1441 943 1520 quod
965 1441 1046 1500 idern
1067 1438 1184 1520 adipisci

293 1539 418 1601 uterque
438 1542 496 1579 non
516 1519 619 1601 posset.
651 1519 747 1599 Qubd
765 1524 853 1602 siqui
873 1522 987 1603 longibs
1007 1522 1183 1581 inamicitia

292 1599 425 1682 provesli
446 1600 552 1673 essent,
566 1619 664 1662 tamen
678 1613 752 1683 taepe
773 1600 934 1662 labefaclari
945 1647 954 1676 ,
966 1603 990 1660 si
1005 1624 1019 1684 3
1038 1604 1068 1659 in
1088 1604 1179 1661 hono·

291 1686 333 1741 ris
354 1686 574 1742 contentionem
601 1682 784 1744 incidissent:
807 1683 918 1765 pestem
938 1686 1018 1742 enim
1040 1681 1182 1762 majorem

294 1761 353 1823 elle
371 1764 477 1822 nullam
498 1765 527 1822 in
549 1767 700 1834 amicitiis,
729 1764 816 1842 quim
839 1767 867 1824 in
886 1765 1031 1845 plerisque
1052 1766 1183 1844 pecuniae

294 1844 508 1926 cupiditatem
526 1848 554 1904 in
570 1849 687 1927 optimis
699 1845 858 1927 quibusque
879 1848 997 1905 lionoris
1013 1841 1185 1918 certamen,

295 1927 329 1989 dt
341 1926 458 2008 gloriae3
476 1949 513 2000 et
524 1949 582 2010 quo
597 1930 761 1987 inimicitias
775 1929 914 1988 maximat
930 1925 1006 2008 saepe
1023 1930 1098 1987 inter
1111 1929 1182 1986 ami·

293 2011 430 2069 cissimos
451 2009 595 2070 exilitille.
1147 2061 1150 2068 ·

338 2110 385 2172 35.
400 2090 507 2174 Magna
527 2095 611 2151 etiam
633 2089 770 2163 dissidia,
791 2089 1009 2171 &plerumque
1031 2086 1105 2166 julla
1122 2085 1195 2154 nas·¹

291 2173 341 2242 ci,
362 2194 448 2251 quum
467 2176 575 2253 aliquid
592 2174 629 2231 ab
648 2174 766 2242 amicis,
790 2175 869 2252 quod
883 2172 991 2231 rebium
1010 2187 1071 2230 non
1091 2168 1187 2244 esset,

292 2250 505 2332 postularetur3
531 2272 562 2312 ut
583 2272 631 2311 aut
654 2255 779 2312 libidinis
804 2250 942 2325 ministri,
963 2271 1011 2312 aut
1034 2249 1184 2332 adjutores

294 2331 385 2390 essent
402 2334 439 2391 ad
452 2332 604 2408 injuriam:
623 2336 701 2411 quod
724 2338 771 2413 qui
786 2336 965 2400 recusarent,
979 2335 1114 2413 quamvis
1129 2336 1186 2393 lto·

292 2412 375 2473 nesii:
388 2415 417 2471 id
433 2414 582 2486 lacerent,
603 2413 646 2488 ius
667 2409 762 2473 tamen
776 2418 906 2475 amicitiae
927 2415 1059 2474 deserete
1080 2436 1183 2494 argue·

293 2515 393 2555 rentur
413 2495 447 2553 a'n
472 2498 524 2568 iis,
548 2496 650 2577 quibus
673 2496 792 2575 obsequi
816 2498 950 2560 nollent:
972 2497 1039 2556 illos
1062 2516 1186 2569 autem,

292 2580 345 2658 qui
358 2578 472 2659 quidvis
486 2580 522 2638 ab
537 2581 630 2637 amico
653 2579 792 2637 auderent
806 2578 968 2659 postulare,
988 2576 1183 2656 postulatione

291 2658 353 2740 ipsa
379 2657 530 2738 profiteri,
555 2664 652 2719 omnia
675 2658 702 2717 se
732 2663 815 2718 amici
839 2659 925 2718 causb
950 2657 1006 2719 elle
1036 2658 1183 2719 feriturus:

292 2760 396 2800 eorum
420 2743 539 2820 quereiai
570 2745 738 2799 inveteratas
768 2762 826 2797 non
855 2740 946 2799 modb
976 2738 1183 2798 familiaritates

292 2821 435 2902 exstingui
450 2824 559 2894 solere,
574 2822 620 2881 sed
637 2826 723 2880 etiam
743 2824 809 2879 odia
821 2824 896 2901 gigni
913 2820 1096 2901 sempiterna.
1109 2822 1181 2879 Haee

291 2903 332 2960 ita
347 2906 486 2976 multa,4
507 2909 586 2983 quasi
608 2903 684 2973 fata,
704 2906 875 2980 impendere
893 2906 1024 2961 amicitiis
1037 2945 1047 2975 ,
1060 2922 1093 2961 ut
1115 2924 1183 2961 om·

292 2985 340 3041 nia
362 2983 559 3063 subterfugere
582 3007 640 3044 non
664 2987 755 3043 modb
776 2983 937 3065 sapientiae‚
956 2983 1115 3044 sed-etiam
1134 2983 1148 3042 s
1165 3016 1181 3031 ·

291 3065 406 3123 licitatis
426 3065 535 3124 diceret
554 3067 606 3123 sibi
627 3068 731 3125 videri.

334 3143 388 3206 XI,
409 3144 614 3224 Quamobrem
635 3148 662 3204 id
684 3147 807 3225 primirm
827 3147 1000 3219 videamus,
1021 3149 1044 3205 si
1071 3147 1184 3228 placet,

294 3244 310 3285 1
327 3245 466 3309 quatenus
485 3250 567 3289 amor
582 3231 610 3288 in
629 3231 755 3288 amicitia
776 3230 912 3310 progredi
932 3229 1049 3290 debeat.
1075 3228 1180 3301 Num,

324 3386 338 3422 1
356 3375 412 3421 Cum
421 3390 532 3440 praetexta
545 3375 574 3424 V.
583 3374 648 3437 supra
658 3389 680 3423 c.
692 3390 714 3425 r.
749 3374 900 3439 magistratum
914 3374 1062 3439 arispirnrent.

323 3452 340 3485 2
356 3437 507 3491 ponerentur.
526 3442 673 3490 Desertam.
781 3457 796 3499 4
811 3439 957 3554 gtrnsifrrta,
976 3442 1012 3491 At
1024 3440 1123 3507 proinde
1135 3455 1177 3493 Vt·

326 3512 340 3563 3
363 3502 390 3550 In
417 3506 513 3555 lonorr's
537 3510 716 3559 contentionem.
747 3507 821 3557 ltttitrt
838 3506 949 3556 abablio.

294 3565 374 3632 Qutun
400 3569 446 3621 scil.
472 3573 541 3627 anati
559 3573 588 3624 ati
607 3572 715 3625 eumdem
784 3586 794 3622 1
815 3571 937 3641 Quatenus
954 3590 1060 3627 arnon...
1067 3572 1179 3641 progredi
