2817 4267
573 392 753 456 Lien
792 389 832 455 V.
876 385 899 484 ‚¹
1084 411 1141 479 315

254 501 364 584 cuique
384 496 516 560 accidere
540 498 674 579 poliunt,
704 496 866 559 tolerabilia
886 495 998 567 ducat,
1024 515 1063 559 ex
1084 519 1145 579 quo

254 606 309 647 nec
325 586 415 642 timor
431 600 518 650 eum,
536 601 590 639 nec
607 600 698 661 angor
712 580 855 661 attingat:
870 580 1026 660 idemque,
1039 582 1063 639 si
1075 580 1147 655 nihil

256 662 463 744 concupiscat,
476 660 554 720 nulli
563 660 695 721 efferatur
705 662 792 720 animi
806 660 881 718 inani
891 662 1042 741 voluptate
1055 682 1062 718 ε
1075 660 1147 742 quid

249 746 321 817 est,
338 746 432 805 cunis
445 762 504 801 non
518 744 617 803 beatus
628 743 685 803 sit?
704 745 754 811 δι,
776 745 809 801 εἰ
819 742 881 801 haec
895 742 1002 803 virtute
1015 740 1148 803 efficiun-

255 845 318 899 tur,
333 824 405 905 quid
418 823 478 895 est,
494 825 644 883 curvirtus
656 823 779 905 ipseper
792 822 821 883 se
831 842 891 883 non
902 820 1008 883 efficiat
1021 824 1149 885 beatos?

255 926 263 935 ·
296 907 368 969 Vll.
392 908 434 964 A.
455 906 547 983 Atqui
568 904 690 965 alterum
708 906 766 965 dici
789 924 849 969 non
873 903 989 985 potest,
1013 907 1084 985 quin
1097 908 1147 978 ii,

256 991 308 1070 qui
322 988 394 1047 nihil
409 1002 557 1057 metuant,
574 987 644 1044 nihil
656 1007 691 1044 an
713 1004 817 1065 antur,
827 985 898 1045 nihil
920 986 1150 1067 concupiscant,

256 1068 338 1130 nulli
360 1068 515 1147 impotenti
540 1066 639 1127 laetitii
696 1083 812 1127 eramus
823 1110 833 1138 ‚
851 1068 928 1127 beati
948 1068 1028 1126 sint:
1049 1065 1149 1151 itaque

256 1154 289 1213 id
310 1152 365 1210 tibi
382 1148 534 1209 concedo:
561 1164 574 1205 ι
595 1148 717 1208 alterum
728 1165 834 1209 autern
848 1146 908 1227 jam
925 1149 1069 1229 integrum
1087 1170 1149 1211 non

255 1232 321 1294 est:
341 1230 534 1311 superioribus
555 1235 634 1288 enim
660 1229 900 1309 disputationibus
924 1228 1057 1290 effetlum
1085 1230 1150 1304 est,

256 1332 366 1378 vacate
387 1314 472 1373 omni
490 1313 577 1369 animi
599 1310 813 1390 perturbatione
832 1308 1002 1391 sapientem.
1026 1314 1072 1371 M.
1092 1311 1151 1371 Ni·

258 1398 364 1468 mitum
381 1390 616 1473 igitur'confelia
639 1412 684 1453 res
700 1391 743 1452 est
763 1412 771 1451 τ
791 1392 1006 1453 uideturenim
1028 1392 1066 1451 ad
1087 1394 1160 1466 eati·¹

257 1485 324 1538 'tum
344 1472 453 1534 venisse
474 1473 609 1553 qutustio.v
634 1476 674 1535 A.
692 1472 789 1554 Prope
812 1474 936 1534 modum
956 1474 986 1533 id
1016 1474 1153 1553 quidem.

258 1562 307 1621 M.
326 1558 535 1618 Verumtamen
558 1553 830 1617 mathematicorum
844 1552 896 1618 iste
917 1574 983 1615 mos
1008 1553 1067 1629 eli,
1088 1572 1152 1619 nou

259 1639 303 1701 est
324 1635 573 1722 philosophorum.
594 1637 671 1699 Nam
688 1654 865 1721 geometrae,
894 1638 961 1697 cium
972 1634 1081 1718 aliquid
1095 1637 1156 1701 ἀοι,

259 1720 328 1783 eure
344 1717 468 1789 volunt,
482 1718 593 1799 siquid
607 1719 720 1790 adeam
736 1739 796 1780 rem
809 1719 935 1799 pertinet
946 1738 1069 1793 eorum,
1083 1738 1153 1801 quae

261 1802 329 1861 ante
344 1800 521 1869 docuerunt,
532 1800 563 1859 id
581 1797 695 1860 sumunt
715 1820 769 1882 pro
788 1797 941 1870 concello,
959 1802 991 1861 &
1002 1801 1150 1879 probato:

259 1884 334 1943 illud
348 1881 439 1942 modi)
457 1882 622 1963 explicant,
644 1880 684 1941 de
702 1900 761 1962 quo
779 1880 846 1942 anti
861 1880 932 1939 nihil
948 1878 1083 1961 scriptum
1097 1879 1154 1943 est.'
1199 1906 1201 1909 ·

262 1983 280 2023 2
302 1962 467 2043 Philosophi
493 1981 707 2043 quamcumque
723 1979 789 2024 rem
812 1961 919 2021 habent
940 1961 971 2021 in
996 1961 1164 2034 manibusf

260 2042 293 2103 in
313 2065 396 2114 eam,
414 2064 479 2123 quae
495 2044 696 2114 conveniunt,
713 2058 875 2122 congerunt
892 2043 1006 2101 omnia:
1021 2041 1074 2101 etsi
1089 2042 1150 2102 alio

260 2124 329 2200 loco
345 2126 485 2205 disputata
500 2123 574 2183 sunt.
592 2122 689 2202 Quod
705 2125 735 2181 ni
746 2124 785 2181 ita
799 2122 887 2193 ellet,
910 2139 961 2182 cur
973 2118 1108 2195 Stoicus,
1126 2120 1152 2183 fi

253 2205 333 2268 ‘elles
349 2208 502 2285 quaesitum
521 2204 623 2263 satisne
642 2203 682 2285 ad¹
697 2202 782 2263 beate
800 2202 962 2266 vivendum
974 2204 1064 2264 virtus
1082 2203 1154 2285 pos·

260 2288 323 2360 set,
341 2287 431 2345 multa
444 2285 575 2348 diceret?
590 2285 637 2347 cui
649 2282 714 2344 satis
728 2281 798 2345 ellet
815 2283 1011 2364 respondere,
1032 2282 1061 2347 le
1081 2283 1152 2347 ante

260 2365 392 2429 docuille
410 2365 602 2428 nihilbonum
623 2364 696 2439 effe,
720 2367 775 2425 nisi
811 2366 871 2427 uod
886 2364 1040 2446 hquellum
1059 2365 1153 2427 effer:

260 2452 321 2516 hoc
338 2444 483 2521 probato,
503 2447 683 2527 consequens
703 2442 783 2516 elle,
823 2462 918 2505 eatam
937 2448 1028 2508 vitam
1040 2450 1151 2508 virtute

262 2526 320 2591 effe
342 2539 532 2585 contentam:
559 2528 610 2594 δι,
640 2544 701 2607 quo
721 2524 813 2587 modo
831 2524 889 2584 hoc
909 2526 946 2585 sit
960 2525 1151 2609 ‘consequens
1178 2537 1181 2543 '

262 2611 327 2679 illi,
348 2606 395 2665 sic'
411 2604 482 2665 illud
501 2604 658 2676 huic,··ut,
678 2607 702 2666 ai
718 2605 801 2667 beata
812 2605 877 2666 ‘vita
890 2607 997 2675 virtute
1011 2624 1149 2670 contenta

262 2695 321 2762 sit,
338 2687 393 2746 nisi
403 2684 556 2747 honestum
568 2685 647 2768 quod
661 2686 716 2758 sit,
731 2686 804 2747 nihil
815 2683 893 2746 aliud
905 2684 1076 2749 'tithonum
1087 2679 1151 2751 'seu

263 2790 363 2834 tamen
375 2787 433 2827 non
445 2786 532 2850 agunt
544 2770 584 2829 sic
594 2788 604 2841 ;
625 2787 692 2827 nam
709 2767 794 2829 &de
811 2764 950 2837 honesto,
970 2765 1002 2828 &
1019 2766 1057 2827 de
1074 2767 1150 2831 sunt·

265 2854 407 2915 mobono
422 2848 570 2931 separatim
586 2848 650 2909 libri
662 2847 743 2909 sunt:
763 2850 794 2912 &
812 2850 878 2909 cum
895 2866 931 2909 ex
943 2867 980 2910 eo
991 2845 1151 2925 efficiatum*

265 2937 332 2996 latis
351 2951 486 3012 magnam
504 2932 533 2992 in
551 2932 659 2993 virtute
675 2930 712 2991 ad
728 2930 813 2992 beate
826 2929 988 2992 vivendum
1002 2928 1056 2992 elle
1068 2931 1152 3007 vim,

265 3015 451 3087 nihilominus
475 3012 533 3073 hoe
554 3028 644 3093 agunt
670 3011 840 3093 separatim:
859 3013 983 3093 propriis
999 2995 1095 3086 enim,
1116 3014 1150 3077 δι
1179 3073 1182 3078 .

266 3097 321 3158 suis
342 3093 586 3176 argumetum&
609 3092 856 3155 admonitionibus
868 3092 1010 3168 troiianda
1026 3114 1152 3175 quaeque

266 3196 313 3242 tes
331 3175 392 3251 est,
414 3192 494 3237 tanta
515 3172 682 3258 praesertim.
702 3173 786 3240 Cave
804 3175 882 3237 enim
902 3194 986 3258 putes
1001 3176 1099 3239 ullam
1120 3177 1152 3238 itt

301 3344 313 3379 1
325 3313 431 3375 Alterum
440 3337 530 3382 autem,
542 3320 693 3375 &c.Etl'au·
713 3306 831 3378 troium,
843 3321 1011 3388 y'tallemblent
1022 3335 1099 3379 toutes
1116 3326 1151 3401 les

267 3403 303 3445 tte
314 3391 369 3441 n'ell
380 3390 430 3453 plns
442 3390 456 3437 l
469 3400 581 3453 prouver.
725 3399 840 3452 preuves,
866 3388 973 3455 uolqu’ils
982 3390 1017 3445 les
1026 3391 1087 3446 aiem
1097 3390 1152 3459 dila

300 3473 317 3506 2
334 3453 488 3521 Philosophi.
503 3452 554 3504 &o
580 3448 624 3503 Les
641 3448 694 3502 mt-
726 3403 955 3516 mulierarium
1140 3492 1142 3495 .

266 3521 379 3590 losoples
389 3558 398 3589 ,
409 3518 509 3589 quelque
516 3515 614 3577 neuue
628 3515 695 3584 ‘llil‘
923 3578 955 3650 Ο
972 3581 992 3669 ,i

352 3644 356 3649 .
783 3609 789 3615 ἱ
921 3644 928 3666 t
970 3608 980 3645 ι
989 3664 992 3670 2
