2817 4267
321 412 366 495 78
543 410 633 476 ,Du
674 409 1021 484 Oeneus,-

216 535 219 540 '
321 515 391 581 foro
409 514 554 578 venderet
572 516 605 579 ἃ
619 517 766 576 bonorum
784 516 937 587 virorum,
957 514 990 577 δι
1013 514 1217 599 locupletum

322 599 356 661 δι
368 599 448 676 certi
466 600 592 667 civium,
614 598 741 679 praedant
761 595 839 657 suam
858 596 1047 658 fovendete.

364 679 413 741 28.
428 700 441 760 5
456 678 578 740 Secutus
593 679 652 751 est,
666 682 755 757 quiin
768 679 850 739 causa
867 680 957 759 impia
968 723 978 751 ‚
988 677 1111 739 vidoni
1125 682 1213 743 etiam

190 823 194 836 ,
319 756 470 830 foediore,
491 782 552 822 non
580 761 760 840 singulorum
793 762 902 820 civium
921 760 999 821 buna
1027 759 1212 842 publicaret,

286 847 288 850 ’
320 839 371 902 ted
394 844 541 903 universas
568 844 733 922 provincias
757 840 949 922 regionesque
976 863 1037 902 uno
1059 844 1212 914 calamita·

317 923 356 982 tis
378 922 442 1001 jure
464 922 738 1004 comprehenderet.
769 921 871 1004 ltaque
896 925 1009 982 vexatis
1035 924 1069 983 δι
1087 924 1210 1005 perditis

317 1006 424 1065 exteris
442 1004 627 1076 nationibus,
648 1004 685 1063 ad
701 1005 868 1086 exemplum
889 1006 986 1064 amissi
1006 1005 1123 1085 imperit
1144 1026 1212 1085 pur·

315 1089 369 1145 tari
382 1088 411 1145 in
424 1088 572 1167 triumpho
587 1087 605 1147 6
623 1085 784 1147 Massiliam
802 1088 950 1155 vidimus,
971 1086 1005 1146 ὃ(
1025 1105 1062 1145 ex
1085 1106 1121 1147 ea
1135 1086 1207 1150 urbe

315 1166 508 1247 triumphari,
531 1168 593 1226 sine
607 1188 662 1248 qua
681 1187 830 1248 nunquam
852 1165 942 1227 nostri
960 1168 1156 1247 imperatores,
1169 1188 1207 1232 ex

199 1275 201 1279 ·
314 1245 515 1330 Transalpinis
524 1247 610 1308 bellis
619 1248 834 1328 triumpharunt
847 1248 956 1309 :multa
971 1266 1112 1331 praeterea
1126 1269 1208 1313 cunt·

312 1343 512 1396 memorarem
532 1329 641 1390 nefaria
662 1331 693 1390 in
710 1330 825 1401 socios,
850 1330 873 1388 si
895 1330 951 1389 hoc
974 1350 1034 1390 uno
1053 1327 1096 1390 sol
1115 1331 1203 1412 quid·

313 1433 403 1493 quant
422 1410 536 1472 vidillet
557 1412 713 1493 indignius.
741 1409 809 1473 Jure
834 1411 920 1492 igitur
938 1409 1115 1491 pleditnut:
1148 1413 1206 1474 nisi

312 1495 393 1558 enim
406 1494 565 1556 multotum
578 1494 720 1573 impunita
730 1489 836 1555 scelera
846 1490 1020 1564 tulilientus,
1041 1505 1201 1573 numquam

311 1574 352 1633 ad
372 1594 462 1634 unum
479 1591 559 1635 tanta
576 1572 753 1655 pervenisset
770 1574 902 1646 licentia;
923 1594 1010 1654 aquo
1025 1573 1147 1654 quidem
1161 1576 1203 1641 tei

310 1651 461 1721 familiaris
485 1656 521 1719 ad
542 1676 666 1734 paucos,
689 1654 878 1736 cupiditatum
898 1654 935 1714 ad
953 1655 1071 1716 multus
1086 1656 1203 1738 itnptu·

309 1734 367 1804 bus
385 1737 468 1796 venit
485 1736 647 1801 hereditas.-
828 1794 831 1797 .

354 1837 370 1893 a
396 1815 485 1880 ,Nec
503 1820 576 1879 verb
595 1837 722 1898 unquam
743 1816 889 1877 bellorum
908 1817 1037 1877 civilium
1058 1814 1155 1880 lemen
1168 1818 1201 1885 dt
1234 1889 1238 1898 Ι

309 1836 395 1966 cauii
408 1899 522 1971 deerit,
538 1899 606 1959 dum
620 1900 754 1961 homines
765 1899 869 1977 perditi
883 1897 991 1961 hastam
1006 1898 1085 1959 illam
1097 1920 1202 1961 cruen-

302 1973 369 2046 ἀτη
382 1980 413 2042 &
424 1981 609 2043 meminerint
620 2026 629 2053 ‚
642 1981 674 2044 ὃ(
685 1977 858 2060 sperabunt;
875 1999 962 2061 quam
979 1978 1010 2039 P.
1021 1978 1099 2041 Sulla
1110 1999 1200 2065 quum

307 2060 465 2134 vibratus,
486 2061 626 2123 didatore
642 2064 809 2143 propinquo
823 2060 892 2129 suo,
914 2059 995 2121 idem
1010 2060 1092 2123 sexto
1112 2053 1200 2126 trice·
1228 2103 1231 2108 ·

307 2143 386 2204 simo
401 2164 477 2202 anno
502 2142 567 2225 pust
585 2165 607 2221 v7
627 2163 643 2202 a
663 2141 846 2206 sceleratiore
870 2141 949 2204 halla
973 2163 1034 2203 non
1059 2145 1196 2208 recessitt

307 2224 520 2294 altmaniam,
549 2228 599 2304 qui
627 2225 664 2302 in
684 2224 732 2285 illa
753 2222 888 2284 didacum
910 2224 1000 2285 scriba
1025 2222 1139 2299 fuerat,
1166 2227 1197 2290 iu

306 2303 364 2364 hac
385 2302 439 2363 fuit
458 2302 588 2384 quaestot.
601 2302 736 2367 uriianus.
757 2304 799 2365 Ex
819 2326 879 2386 quo
893 2304 981 2379 debet
995 2305 1134 2388 intelligi,
1156 2323 1197 2368 ta«

304 2384 383 2453 libus
402 2388 529 2466 praemiis
543 2388 717 2466 propositis,
734 2405 892 2467 numquam
903 2386 1044 2448 defutura
1061 2387 1139 2449 bella
1157 2390 1197 2452 ci·
1232 2379 1238 2412 '¹

308 2466 387 2532 vilia.
414 2463 515 2547 Itaque
543 2469 675 2547 parietes
690 2466 768 2526 urbis
792 2467 884 2529 modi>
905 2466 980 2530 stant
1001 2469 1034 2532 dc
1055 2485 1198 2544 manentj

304 2544 385 2628 iique
406 2547 461 2628 ipsi
480 2546 538 2628 iam
557 2566 685 2610 extrema
702 2546 808 2610 scelera
827 2565 1015 2621 metuentes3
1034 2568 1098 2611 rem
1121 2552 1194 2615 veru

305 2629 454 2709 publicam
472 2630 587 2711 penitus
608 2630 769 2691 amisimus.
792 2629 890 2711 Atque
908 2633 937 2690 in
956 2630 1006 2691 has
1025 2630 1123 2693 clades
1152 2633 1196 2700 ins

303 2710 431 2782 cidimus
453 2708 663 2789 (redeundum
679 2710 721 2771 est
743 2712 819 2773 enim
840 2711 876 2772 ad
894 2710 1102 2793 propositum)
1122 2712 1192 2781 dunt

304 2792 418 2862 metui,
441 2791 527 2871 quim
551 2794 608 2852 cati
632 2790 688 2854 etse
710 2793 742 2854 δι
760 2793 861 2875 diligi,
891 2792 1046 2858 maluimus
1062 2813 1070 2853 c
1088 2815 1153 2877 quae
1167 2796 1193 2866 si
1237 2820 1238 2826 ¹

301 2872 418 2954 populo
433 2871 570 2934 Romanu
580 2870 685 2951 injusti
697 2876 851 2955 imperanti
865 2874 999 2937 accidere
1018 2891 1196 2956 potuerunt,
1232 2899 1238 2967 ς

300 2954 375 3033 quid
395 2952 501 3014 debent
522 2971 624 3034 putare
640 2956 766 3038 singuli?
787 2953 883 3035 Quod
902 2976 992 3037 quum
1006 2955 1192 3037 perspicuum
1226 2967 1235 2978 ”

301 3034 363 3107 sit,
383 3034 599 3103 benevolentias
618 3037 680 3096 vim
700 3034 759 3103 elle
778 3057 931 3123 magnam,
951 3035 1045 3106 metils
1061 3038 1194 3106 imbecil-

282 3181 284 3186 ·
300 3160 422 3220 ciebantur
435 3177 471 3213 tes
485 3159 578 3226 publice
589 3160 731 3215 vendenda.
795 3164 852 3225 [Δ
869 3163 1020 3229 sceleratiora
1041 3162 1116 3226 lafld.
1138 3161 1192 3221 iulii

337 3242 348 3287 ς
365 3227 464 3282 Secutus
481 3227 518 3289 esi.
529 3225 642 3278 Nimirum
658 3226 730 3282 Julius
762 3226 875 3289 Calatis,
894 3244 908 3281 tt
929 3241 979 3295 quo
997 3225 1025 3282 P.
1042 3227 1103 3282 Sulla
1115 3229 1190 3290 Potn-
1220 3239 1226 3252 ¹

301 3293 390 3348 Cesar.
761 3293 897 3357 pelannrutn
920 3293 979 3369 ptni
1079 3309 1103 3347 tn
1129 3295 1192 3351 hotta

330 3358 351 3410 ’6
369 3356 520 3408 Massiliam.
536 3356 624 3409 Urbem
634 3356 727 3409 Runa·
762 3359 831 3419 enit.
853 3369 878 3409 ut
893 3359 991 3423 pulta*
1049 3417 1053 3424 ,
1110 3364 1191 3429 topia«

298 3421 566 3489 nisienpetanicant.
584 3421 649 3486 cuius
668 3423 727 3474 ina·
761 3437 810 3488 quo
827 3424 868 3475 suo
886 3415 1059 3482 ennae-init
1099 3428 1191 3486 arianu-
1236 3451 1238 3456 ·

195 3517 202 3522 -
299 3501 333 3614 go
349 3489 372 3540 in
383 3491 497 3554 triumplu
515 3487 612 3552 estatis
629 3489 727 3548 circum·
759 3497 821 3612 rugl-
837 3489 905 3616 ‘iiii
922 3491 1010 3560 amnti
1024 3487 1109 3560 isfuit
1124 3494 1188 3561 cut.-

311 3565 358 3617 ιω,
758 3568 832 3616 ustus
871 3567 921 3622 Ut.
985 3561 989 3568 “
