2817 4267
557 375 804 440 Ltnett'l.
963 459 968 470 Ι
1067 395 1130 459 ²77

240 479 294 543 cite
326 477 457 563 intelligi·
475 476 585 561 poffit,
616 487 745 543 animum
775 482 808 543 &
835 480 937 544 videte
960 481 1129 555 scandite,

194 575 195 580 ’
238 583 300 623 non
312 582 363 623 eas
375 581 473 644 parter
493 584 558 642 quee
570 567 651 644 quasi
662 561 794 625 fenestrae
813 561 875 623 sunt
891 564 980 624 animi
996 585 1004 624 ι
1023 563 1129 645 quibus

238 660 340 705 tamen
351 643 457 704 sentite
475 644 549 702 nihii
571 663 658 725 queat
671 665 775 718 mens,
787 646 844 704 nisi
865 644 894 704 id
911 662 975 726 agat
993 646 1025 706 &
1047 645 1132 706 absit.

238 722 347 804 Quid,
372 724 453 807 quod
472 724 577 785 eidem
591 743 690 787 mente
710 746 756 786 res
773 726 977 787 dissimillimas
990 744 1130 807 compre·

237 806 417 882 hendito'tts,
433 823 466 866 ut
477 806 627 877 colorem,
643 805 792 887 soporem,
817 808 965 882 calorem,
983 808 1129 880 odotem,

237 886 367 950 sonum?
387 906 451 967 quae
469 908 617 968 nunquam
630 892 758 969 quinque
772 890 878 948 nuntiis
889 890 1000 949 animus
1020 885 1130 971 agnos-

240 982 344 1041 ceret,
365 967 419 1026 nist
437 968 474 1028 ad
492 989 558 1028 eum
576 974 675 1030 omnia
692 970 889 1039 referrentur,
908 969 941 1030 &
957 972 982 1029 is
995 972 1129 1029 omniunt

237 1047 332 1129 judex
352 1046 431 1109 solos
451 1046 530 1109 effer.
551 1052 651 1133 Atque
671 1068 705 1110 ea
724 1049 855 1131 proieiib
880 1067 943 1109 tum
961 1052 1054 1111 molto
1073 1072 1129 1130 pu·

240 1130 545 1192 riora&dilttcidiora
558 1150 738 1203 cernentur,
758 1134 843 1204 cim,
864 1130 924 1213 qui)
942 1149 1043 1192 nature
1054 1130 1129 1203 fert,

240 1212 318 1273 liber
337 1213 449 1271 animus
469 1214 646 1293 pervenerit.
675 1214 754 1272 Nam
783 1234 860 1272 nunc
879 1212 1017 1292 quidem,
1036 1232 1130 1293 quart-

242 1311 333 1373 qttttm
350 1291 494 1352 foramina
515 1292 581 1363 itta.
603 1314 668 1375 quae
687 1313 787 1373 patent
801 1294 837 1353 ad
855 1296 983 1352 animum
997 1291 1131 1372 icorpo·

242 1393 297 1444 re,
318 1371 500 1434 callidiffimo
519 1373 641 1435 artificio
660 1394 760 1435 natura
778 1374 915 1434 fabricata
940 1372 1004 1447 est·,
1031 1376 1131 1433 tam'ett

235 1456 368 1532 'terrenis
389 1453 590 1537 concretisque
606 1456 778 1538 corporibus
801 1455 865 1530 {unt
884 1453 1039 1535 intersepta
1052 1474 1131 1535 quo·

243 1535 408 1596 dammodo
425 1556 434 1595 t
460 1538 529 1596 citm
543 1584 545 1590 .
559 1554 657 1596 autem
685 1537 756 1597 nihii
778 1540 833 1597 erit
855 1554 960 1617 praeter
980 1537 1130 1609 animum,

205 1632 211 1638 ‘
242 1616 321 1677 nulla
340 1636 388 1677 ter
415 1616 530 1697 objeiia
555 1618 729 1699 impediet„
749 1620 810 1700 quo
844 1619 939 1678 minits
968 1618 1129 1700 percipiat,

241 1698 328 1781 quale
350 1697 478 1780 quidque
499 1701 547 1759 sit.
651 1751 653 1754 .

284 1774 370 1839 XXI.
382 1776 528 1857 Quamvis
539 1781 661 1863 copiose
673 1782 734 1841 haec
745 1782 906 1841 diceremus
917 1826 926 1853 ,
938 1782 962 1839 si
974 1800 1019 1841 res
1034 1779 1131 1861 postu·

243 1860 339 1933 latet,
356 1860 443 1941 quim
466 1863 574 1934 multa,
599 1863 685 1943 quim
713 1867 815 1931 varia,
838 1879 944 1942 quante
970 1861 1129 1943 spectacula

242 1944 354 2003 animus
367 1944 398 2001 in
421 1942 493 2003 locis
509 1942 674 2005 coelestibus
691 1941 760 2003 effet
782 1941 940 2002 habiturus.
960 1940 1039 2020 Quae
1061 1943 1129 2022 qui-

242 2024 315 2084 dem
332 2024 482 2105 cogitans,
507 2022 593 2087 soleo
610 2027 686 2107 saepe
709 2026 808 2085 mirari
823 2022 1029 2084 nonnullorum
1048 2041 1058 2079 t
1082 2023 1130 2080 in-

243 2104 396 2166 solentiam
420 2104 534 2186 phiioso
557 2107 684 2176 horum,
719 2106 770 2186 qui
801 2122 908 2164 naturae
933 2104 1131 2184 cognitionem

243 2187 443 2259 admirantur,
481 2128 599 2270 ejuiipue
638 2187 787 2248 inventori
817 2187 850 2248 &
876 2186 998 2267 principi
1018 2186 1131 2325 &retias

241 2268 407 2329 exultantes
437 2289 548 2349 egunt,
587 2288 714 2350 eumque
751 2285 926 2328 venerantur
955 2283 988 2326 ιιι
1051 2287 1130 2329 eum.

240 2349 396 2412 liberatos
407 2351 487 2416 enim
505 2350 535 2410 se
547 2370 598 2432 pet
609 2371 676 2411 eum
690 2351 790 2410 dicunt
808 2348 975 2430 gravissimis
988 2348 1129 2418 dominis,

241 2449 344 2514 §rore
368 2429 564 2510 sempiternor
590 2433 695 2492 diurno
716 2452 749 2490 ac
771 2431 913 2491 noiiurrio
936 2448 1025 2492 metu.
1053 2429 1128 2510 Quo
1161 2501 1166 2516 x

241 2508 365 2575 errore?
391 2514 572 2593 quometu?
594 2512 674 2591 Quae
698 2509 739 2571 est
759 2532 829 2569 anus
849 2530 908 2569 tarn
928 2511 1041 2581 delira,
1064 2531 1128 2592 quae

240 2596 343 2657 timeat
361 2592 432 2665 ista,
457 2615 522 2674 quae
541 2615 596 2656 vos
611 2594 774 2667 videlicet,
790 2589 956 2674 siphysica
975 2611 1036 2652 non
1050 2591 1128 2659 didiq

239 2675 365 2747 ciffetis,
385 2676 545 2736 timereris:

237 2783 395 2881 4ἈεΙιιηιβιι
411 2804 529 2884 templa,
550 2805 611 2863 alta
628 2804 712 2875 orci,
731 2802 838 2882 salvete
857 2795 965 2879 infera,

241 2886 362 2957 Pallida
377 2886 492 2957 Lenes,
511 2886 643 2946 obnubilo
663 2886 778 2946 tenebris
793 2884 885 2947 loca?

240 3014 313 3077 Non
324 3013 416 3097 pudet
429 3012 632 3095 philosophum
645 3016 675 3075 in
692 3036 729 3075 eo
751 3014 861 3096 gloria,
881 3014 961 3096 quod
984 3014 1046 3075 haec
1065 3036 1127 3077 non

240 3100 363 3168 timeat,
382 3098 415 3158 δι
433 3096 513 3175 qnod
532 3095 601 3156 falsa
616 3094 672 3157 effe
688 3096 882 3177 cognoverit?
903 3095 946 3155 Ειι
965 3118 1024 3178 quo
1041 3099 1127 3158 intel-

240 3180 293 3260 ligi
312 3176 425 3258 potest,
440 3176 527 3259 quim
546 3180 624 3239 acuti
642 3179 744 3237 natur&
757 3181 831 3250 sint,
856 3180 904 3259 qui
915 3179 975 3238 haec
988 3181 1049 3237 sine
1068 3178 1127 3238 do·

241 3259 334 3320 cirini
356 3260 494 3320 credituri
515 3258 630 3319 fuerint.
652 3258 822 3319 Praeciarum
836 3278 933 3319 autern
947 3258 1044 3319 nescio
1058 3258 1129 3339 quid

240 3341 343 3421 adepti
363 3341 427 3402 sunt
447 3340 528 3422 quod
548 3341 710 3402 didicerunt
730 3341 777 3406 se.
802 3342 868 3401 citro
888 3358 1002 3418 ternpus
1019 3342 1128 3416 „mortis

238 3420 382 3501 yeoiffet,
394 3440 474 3483 totos
490 3420 547 3484 eise
556 3426 711 3506 perituros.
722 3422 818 3508 Quod
829 3440 860 3487 ut
880 3420 1039 3504 sit,(niiril
1049 3422 1128 3495 enirn

277 3540 289 3578 t
308 3524 479 3593 insolentum,
498 3527 657 3587 t'effrontene.
738 3565 747 3574 ·
