2817 4267
493 407 832 470 Parrnoxr.
913 430 923 441 ·
1026 427 1119 495 ‘²39

225 529 290 578 rum
301 510 446 585 maxime,
465 532 554 593 quum
567 531 662 571 meam
682 511 802 572 salutem
819 511 929 582 senatus
949 515 1055 579 exteris
1068 535 1118 577 naa

227 596 378 666 tionibus,
398 610 431 653 ut
446 595 520 652 civis
532 594 654 675 optimi,
665 587 910 667 commendabam
922 609 973 666 tu,
990 615 1028 657 ne
1041 615 1118 662 nunc

228 678 372 759 quidem;
394 676 449 734 nisi
472 672 548 734 sorte
567 675 645 733 idem
664 672 721 736 esse
741 673 853 746 hostis,
874 673 907 735 ἃ
921 676 993 743 civis
1012 680 1118 760 peresi,

230 764 282 821 An
306 775 338 818 tu
359 759 456 817 civem
481 757 517 815 ab
538 754 620 815 holle
642 755 743 814 naruri
766 775 799 815 ac
824 755 910 827 loco,
935 776 995 817 non
1018 765 1118 824 animo

230 837 367 918 faslisque
388 835 557 918 distinguis?
580 834 703 896 Credem
726 837 756 899 in
776 835 843 895 soro
870 835 981 904 fecisti:
1003 846 1120 904 armaris

230 920 389 991 latronibus
405 920 514 997 templa
535 915 673 978 tenuisti:
694 920 877 998 privatorum
890 919 1017 994 domos,
1041 926 1120 989 aedes
1195 921 1198 928 “

231 1001 324 1063 sacras
341 998 502 1061 incendisti.
519 996 581 1059 Cur
596 996 687 1059 hostis
705 996 724 1059 6
743 996 915 1079 Spartacus,
936 1001 959 1060 si
975 1019 1006 1061 ru
1023 1006 1116 1067 civis?

231 1099 320 1166 potes
338 1100 434 1141 aurem
454 1078 510 1141 elle
534 1097 565 1140 tu
594 1082 687 1149 civis,
713 1100 834 1160 propter
853 1101 941 1161 quem
960 1083 1120 1165 aliquando

233 1165 336 1224 tivitas
347 1183 407 1223 non
421 1160 495 1222 suit?
517 1160 554 1221 Er
573 1181 621 1221 me
640 1159 768 1224 exsulem
785 1178 837 1224 ruo
848 1164 967 1222 nomine
979 1168 1122 1250 appellas,

235 1255 327 1327 quum
343 1264 446 1306 omnes
466 1261 535 1304 meo
554 1240 672 1302 discessu
689 1239 823 1301 exsulasse
841 1243 1051 1323 rempublicam
1068 1270 1123 1329 pu·

236 1325 319 1386 rent?
338 1324 562 1405 Numquamne,
582 1323 674 1386 humo
692 1324 911 1394 amentissime,
939 1342 968 1385 te
993 1329 1124 1397 eircum-
1217 1351 1220 1358 ·

239 1405 362 1487 spicies?
383 1422 599 1486 numquamne,
623 1402 692 1484 quid
704 1402 810 1476 facias,
831 1405 1051 1481 considerabis,
1071 1431 1127 1473 nee

234 1488 309 1569 quid
328 1488 468 1569 loquare?
486 1485 577 1549 nescis
598 1484 731 1545 exsilium
749 1484 889 1546 scelerum
909 1486 965 1549 elle
982 1494 1122 1569 poenam?

238 1588 338 1630 meum
366 1570 439 1629 illud
459 1570 514 1627 iter
535 1566 576 1627 ob
596 1565 826 1646 praeclarissimas
848 1587 895 1627 res
916 1590 932 1629 a
957 1591 1005 1631 me
1030 1572 1125 1655 gestas

238 1648 297 1711 esse
317 1648 500 1731 susceptum?
528 1647 644 1708 Omnes
668 1646 800 1708 scelerati
817 1665 902 1730 atque
924 1651 1026 1732 impii,
1049 1676 1126 1736 quo.

238 1750 305 1791 rum
322 1748 407 1789 rex-te
430 1731 536 1789 ducem
556 1727 613 1788 esse
635 1728 801 1809 profiteris,
828 1750 903 1810 quos
921 1731 999 1812 leges
1020 1740 1125 1806 exsilio

238 1808 316 1874 affici
332 1810 452 1882 volunt,
472 1807 583 1869 exsules
601 1807 682 1880 sunt,
702 1811 791 1869 exiam
807 1812 862 1886 si7
883 1807 974 1870 solum
987 1836 1047 1873 non
1061 1838 1127 1878 mu„

236 1908 346 1953 aarum.
362 1891 409 1949 An
425 1909 515 1971 quum
529 1907 634 1958 omnes
652 1888 731 1969 leges
743 1907 772 1948 te
785 1887 910 1950 exsulem
928 1890 983 1953 esse
996 1893 1129 1974 jubeam,

211 2001 233 2012 ··
243 1992 306 2044 ¹nnn
320 1973 375 2030 eris
394 1989 425 2030 ru
441 1968 521 2030 exsul
533 1969 543 2028 l
556 1968 636 2029 Num
653 1968 815 2050 appellatur
834 1972 983 2045 inimicus,
996 1980 1128 2058 quicum

241 2054 308 2118 telo
319 2050 427 2113 fueriti
449 2067 516 2111 ante
532 2049 660 2112 senatum
674 2068 723 2119 rua
739 2052 796 2110 sica
813 2050 991 2130 deprehensa
1002 2056 1052 2117 est.
1063 2056 1129 2136 Qui

239 2131 395 2196 lxominem
411 2130 573 2205 occiderit?
591 2150 622 2191 tu
640 2130 779 2210 plurimos
794 2132 934 2194 occidisti.
954 2134 1016 2215 Qui
1032 2140 1130 2201 incen-

243 2215 324 2275 dium
350 2215 470 2275 fecerit?
495 2213 573 2273 aedes
593 2212 788 2293 nympharum
806 2233 892 2275 manu
914 2216 963 2275 rui
983 2220 1144 2303 deflagra„

244 2313 323 2355 runt.
331 2295 394 2375 Qui
404 2294 511 2375 templa
524 2295 645 2355 rleo'rum
658 2297 868 2374 occupaverit?
884 2294 902 2357 8
918 2299 945 2358 in
958 2298 1024 2362 foro
1040 2307 1130 2366 etiam
1148 2355 1151 2360 .

243 2376 334 2438 rastra
354 2376 482 2457 posuisli.
500 2376 557 2435 Sed
577 2376 646 2456 quid
659 2396 715 2453 ego
737 2396 907 2437 communes
925 2380 1004 2461 leges
1028 2385 1128 2464 prose,

245 2478 280 2518 ro
291 2502 301 2527 ,
312 2458 416 2539 quibus
433 2456 568 2517 omnibus
586 2478 616 2515 es
634 2457 712 2526 exsul
723 2456 734 2513 l
746 2456 993 2519 Familiarissimus
1011 2482 1075 2523 tuus
1092 2469 1129 2530 de

246 2556 277 2599 te
296 2557 315 2617 9
331 2538 514 2619 privilegium
531 2537 616 2607 rulir,
645 2556 694 2606 ur,
718 2539 759 2595 si‘
772 2558 807 2599 10
831 2540 859 2597 in
880 2560 1015 2617 opertum
1038 2545 1129 2609 Bonae

246 2617 323 2680 Deae
343 2620 528 2687 accessilles,
553 2617 703 2681 exsulares.
728 2618 768 2677 At
791 2636 820 2676 re
843 2620 871 2677 id
896 2619 1012 2696 fecisse,
1041 2616 1130 2689 eriam

246 2701 363 2781 gloriari
379 2701 461 2761 soles,
472 2698 639 2772 Quomodo
657 2701 742 2779 igitur
760 2717 805 2759 rot
827 2700 853 2758 le
876 2701 936 2759 ibus
951 2704 979 2761 in
996 2708 1132 2771 exsilium

220 2862 225 2884 Ι
246 2780 372 2863 eleslus,
393 2802 502 2843 nomen
516 2779 618 2851 exsulis
631 2801 690 2841 non
710 2720 902 2859 perhorrelcis
912 2783 923 2841 l
935 2782 1037 2848 Romae
1052 2787 1132 2868 sum,

278 2923 454 2992 sSparracus.
481 2925 595 2975 Thracius
622 2924 673 2990 gia·
706 2924 785 2990 aiiquo
803 2924 919 2989 speciatim
933 2927 988 2982 lua.
1007 2930 1072 2987 lianc
1091 2949 1135 2988 an,

247 2988 324 3042 diaror
345 2993 369 3041 δι
396 2993 417 3043 in
444 2990 507 3042 bello
527 2989 674 3054 lugitivorum
707 3002 754 3040 reru
782 3004 811 3041 er
838 2991 1031 3047 senrrusconsnlro
1052 3000 1135 3053 tulerat

248 3056 296 3110 lux
314 3056 339 3105 dr
358 3059 494 3121 imperaror.
708 3055 744 3105 ul.
759 3053 809 3105 Piso
829 3056 920 3124 consul,
938 3059 1016 3111 Clodii
1035 3062 1136 3122 familia·

280 3137 297 3179 7
324 3120 406 3182 Solum
431 3138 478 3169 non
499 3133 625 3171 mutarunt.
649 3118 674 3170 ln
708 3120 830 3181 unimus,
856 3136 997 3192 operamque
1017 3128 1085 3180 dabat
1109 3142 1135 3182 ut

247 3185 342 3240 eivirare
359 3187 522 3240 remanserunt.
547 3219 552 3228 ·
708 3200 736 3237 eu
753 3187 915 3297 antipuaretns.

282 3245 704 3317 Slaforo.Quorlquidemverl*
744 3265 783 3301 ro.
818 3246 957 3316 noperium.
983 3252 1134 3323 suerranum

247 3317 359 3394 templum
378 3316 615 3392 dicenarur,qn³pee
633 3330 675 3369 au·
709 3314 867 3393 sacrificium,¹
894 3318 956 3393 prod
988 3320 1055 3371 hone
1081 3323 1135 3378 &aa

246 3383 317 3449 purus
338 3383 362 3431 δι
384 3383 488 3447 sulpuris
507 3384 676 3432 eon‘erraum.
710 3395 759 3429 srve
784 3380 867 3444 cybeli
894 3400 914 3434 m
936 3384 1012 3434 domo
1040 3388 1136 3448 Cnsiris

280 3461 298 3509 9
319 3446 482 3513 Privilegium.
507 3446 553 3497 Lex
576 3447 608 3498 esi
628 3461 676 3497 non
709 3443 810 3496 consulis
821 3444 906 3503 fiebat,
926 3463 999 3513 aquo
1022 3451 1138 3507 {ammio

247 3512 397 3582 eommunis,
414 3511 453 3567 sed
463 3516 569 3594 privata,
589 3512 618 3579 le
629 3526 676 3572 uuo
711 3524 793 3578 amnes
804 3512 873 3567 virilis
883 3512 948 3580 senis
959 3516 1105 3588 arcebantur.
