2817 4267
296 388 338 473 '56
514 384 992 467 .Dn·01n1o11s,''

296 496 425 578 pellere:
446 499 509 577 qisae
524 499 602 557 enirn
620 498 793 580 cumuliqua
810 497 1026 579 perturbatione
1044 495 1136 566 fiunt,
1149 514 1185 558 ea

298 598 356 638 nec
380 577 542 637 constanter
562 578 624 639 fieri
644 578 782 659 possunt,
806 599 902 659 neque
920 580 976 651 -iis,
999 580 1047 659 qui
1066 577 1186 648 adsunt,

297 657 425 740 probari.
442 656 585 719 Deforme
597 661 682 719 etiarn
694 660 734 720 esl
750 661 786 720 de
805 659 833 720 se
851 659 913 739 ipso
926 660 1082 739 praedicare
1095 703 1105 732 ,
1117 655 1186 719 salsa

297 738 480 819 prasertim,
495 741 527 802 δι
543 761 609 804 curn
621 743 753 821 irrisione
765 742 942 802 audientium
958 742 1062 801 imitari
1079 739 1187 808 imili-⁴

297 837 359 880 tem
371 821 537 959 potiosum.

340 900 370 960 X
402 900 483 962 XIX.
495 901 679 983 thuoniam
694 903 792 969 omnia
809 900 1008 984 persequimur
1025 899 1188 981 (volumus

299 983 420 1063 quidem
434 983 539 1062 certe)
556 984 711 1044 dicendum
733 983 774 1043 est
790 986 901 1053 etiarn,
927 975 1042 1063 qualem
1061 982 1189 1041 hominis

299 1064 436 1123 honorati
456 1066 488 1125 &
507 1067 642 1145 principis
660 1066 780 1125 domum
802 1066 914 1144 placeat
929 1062 984 1124 elle
1000 1107 1009 1135 ‚
1027 1060 1110 1140 cujus
1123 1060 1189 1121 finis
1228 1099 1232 1103 -

300 1143 343 1204 esl
364 1142 450 1218 usus3
467 1145 504 1205 ad
524 1167 610 1227 quern
624 1145 874 1206 accommodanda
890 1143 930 1204 est
946 1141 1108 1204 aedificandi
1125 1140 1190 1202 des·¹

300 1227 427 1305 criptio:
452 1229 482 1285 dt
500 1244 596 1286 tamen
613 1227 940 1306 adhibenda-dignitatis
959 1221 1189 1285 commoditatis-

301 1327 361 1387 que
382 1307 538 1387 diligentia.
551 1305 609 1369 Cn.
621 1307 769 1380 Oslavio‚
792 1311 841 1387 qui
860 1310 974 1386 primus¹
985 1326 1020 1365 ex
1037 1306 1085 1365 illa
1103 1304 1189 1363 farni-

302 1389 340 1448 lia
357 1387 456 1448 consul
478 1387 565 1447 sadus
589 1388 629 1448 est
647 1387 667 1460 ss
684 1391 789 1449 honori
806 1388 885 1447 fuisse
903 1390 1085 1465 accepimus,
1106 1384 1188 1466 quod

301 1473 470 1550 praeclarum
489 1468 653 1531 aedificasset
676 1473 705 1530 in
724 1471 858 1539 Palatio,
883 1470 1043 1548 &plenam
1064 1467 1189 1546 dignita·

302 1552 340 1611 tis
362 1553 483 1610 domum
503 1573 512 1621 ς
537 1573 601 1631 quae
627 1573 717 1631 quum
746 1551 835 1631 vulgo
857 1549 1017 1620 viseretur,
1039 1544 1193 1628 suffragata·
1224 1599 1227 1604 .

303 1632 449 1702 domino,
473 1652 483 1688 r
504 1652 589 1691 novo
608 1633 742 1703 homini,
761 1632 797 1691 ad
813 1629 992 1690 consulatum
1015 1627 1190 1708 putabaturs

302 1705 377 1774 haine
400 1711 521 1775 Scaurus
537 1714 696 1773 demolitus
716 1757 726 1783 ,
749 1714 946 1773 accessionem
970 1708 1101 1790 adjunxit
1120 1707 1191 1768 aedi·

302 1794 369 1855 bus.
394 1792 494 1875 ltaque
520 1794 569 1854 ille
588 1794 712 1854 insuam
732 1794 853 1854 donnum
875 1792 1054 1852 consulatum
1081 1792 1191 1871 primus

304 1875 400 1935 attulit
412 1897 425 1946 3.
439 1878 484 1935 hic
496 1875 597 1937 summi
619 1878 651 1936 &
668 1876 819 1935 clarissimi
836 1877 891 1932 viri
906 1870 1002 1942 filius,
1022 1872 1051 1929 in
1068 1872 1191 1929 domum

267 2008 269 2039 ;
303 1957 524 2036 multiplicatam
534 2002 544 2029 ‚
554 1977 613 2016 non
625 1955 769 2037 repulsam
778 1956 871 2016 solum
882 1954 1000 2026 retulit,
1015 1973 1031 2011 2
1044 1950 1094 2012 sed
1105 1954 1192 2033 igno·

304 2040 440 2111 minium,
464 2040 550 2097 ctiam
563 2036 765 2097 calamitatem.
1152 2049 1158 2056 '

263 2165 269 2176 .
360 2138 428 2199 139.
445 2118 585 2181 Ornanda
603 2119 644 2178 est
660 2121 738 2178 enim
751 2118 872 2200 dignitas
885 2117 997 2189 domo,
1018 2134 1078 2174 non
1091 2133 1126 2175 ex
1137 2112 1194 2174 do·

305 2220 358 2263 mo
377 2202 500 2280 dignitas
520 2220 582 2260 tora
597 2199 771 2279 quaerenda3
788 2220 842 2259 nec
858 2201 948 2259 domo
966 2198 1124 2269 dominus,
1141 2192 1193 2256 sed

306 2282 430 2358 domino
448 2280 552 2340 domus
570 2280 749 2342 honestanda
768 2279 828 2341 esl:
867 2282 899 2341 ὅ(
918 2299 949 2340 ut
968 2282 997 2346 in
1016 2277 1120 2338 ceteris
1140 2276 1198 2344 lin·¹

304 2360 402 2421 benda
421 2362 493 2423 ratio
512 2382 571 2422 non
594 2360 635 2419 sui
652 2360 774 2435 solnm,
799 2360 954 2421 sedetiam
975 2360 1100 2418 aliorum
1119 2365 1138 2432 3'.
1150 2357 1195 2417 sic

303 2441 337 2503 in
359 2442 451 2502 domo
471 2439 540 2502 clari
558 2442 712 2515 hominis,
741 2444 771 2501 in
796 2463 882 2523 quarn
911 2443 943 2502 dt
960 2438 1095 2520 ‘hospites
1109 2437 1197 2498 multi
1230 2480 1232 2484 -

255 2546 258 2552 ·
304 2519 497 2603 recipiendi,
523 2524 555 2585 &
580 2523 759 2582 admittenda
781 2523 932 2582 hominum
954 2518 1091 2601 cujusque
1112 2520 1194 2580 modi

208 2656 212 2664 ,
305 2604 488 2675 multitudo,
510 2604 674 2664 adhibenda
696 2602 737 2663 est
756 2625 825 2662 cura
845 2603 966 2662 laxitaris
978 2624 985 2663 ε
999 2601 1082 2661 aliter
1098 2600 1195 2679 ampla

307 2686 415 2746 domus
432 2686 569 2746 dedecori
591 2685 711 2745 domino
734 2683 808 2763 saepe
829 2682 883 2755 fir,
904 2686 928 2743 si
944 2681 982 2742 est
1001 2684 1031 2741 in
1044 2702 1078 2743 ea
1090 2679 1195 2741 solitu·

307 2768 373 2841 do;
398 2768 431 2828 &
449 2765 598 2848 monime,
620 2768 644 2825 si
665 2766 820 2846 aliquando
840 2765 898 2824 alio
916 2764 1038 2824 domino
1055 2762 1137 2821 solita
1154 2758 1195 2821 est

274 2887 277 2892 ·
307 2845 501 2991 greqoentari:
513 2845 647 2912 odiosum
659 2846 699 2910 est
708 2849 787 2908 enirn
797 2891 807 2919 ,
818 2867 907 2928 quutn
924 2867 940 2905 a
955 2844 1196 2926 praetereuntibus

332 2948 431 2989 rcttur:
856 2965 858 2969 -

286 3069 290 3074 ·
311 3035 340 3094 0
355 3036 451 3091 domus
468 3033 605 3112 antiqua,
621 3034 672 3092 lieu
684 3032 765 3112 qurlm
779 3031 883 3113 dispari
893 2999 1029 3125 dominare
1041 3029 1176 3089 domino!

309 3135 390 3218 quod
404 3134 522 3216 quidem
544 3155 557 3217 3
578 3134 621 3195 his
640 3135 821 3217 temporibus
841 3138 874 3196 in
890 3136 987 3196 multis
1008 3135 1075 3195 licet
1088 3133 1198 3196 dicere.

317 3237 322 3245 ’
348 3255 357 3289 ι
381 3239 487 3286 Militem
505 3239 640 3303 gloriofirm.
662 3240 737 3304 Quin
771 3239 827 3290 lattls
840 3241 958 3289 accusatus
969 3240 994 3289 δι
1005 3239 1125 3289 damnatus
1136 3238 1180 3291 ell.

309 3303 425 3357 Terentio
441 3303 588 3354 induciturin
601 3304 722 3355 Eunucho.
805 3316 816 3368 3
835 3303 882 3352 His
899 3304 1048 3368 temporibus.
1065 3301 1119 3353 Poll
1131 3302 1197 3354 bella

319 3387 322 3393 ·
347 3384 357 3419 1
372 3367 626 3429 Novoiomini.Cujns
636 3368 738 3430 rariores
771 3368 846 3418 civilis
859 3405 864 3425 .
877 3383 926 3433 quo
939 3381 1045 3432 tempore
1054 3366 1119 3417 multi
1130 3367 1170 3419 nes
1184 3394 1197 3406 -

311 3433 401 3484 nullum
411 3433 562 3498 magistrarum
573 3432 738 3499 populiiussra-
771 3430 798 3483 rii
807 3435 832 3484 δι
842 3432 943 3484 scelerati
954 3432 1058 3485 virorum
1069 3434 1199 3503 principum
1223 3467 1227 3472 -

312 3500 352 3566 gio
366 3499 444 3550 darunt
455 3498 583 3563 gesserant*
771 3496 859 3554 domos
867 3498 985 3553 tenebant.

346 3563 585 3634 astuignomiuirm.
597 3560 659 3630 Quin
666 3574 739 3628 pecu·
767 3567 770 3574 '
