2817 4267
454 406 917 471 Ltnnnnnrnus:
1076 415 1119 489 '49

234 509 420 579 nultitudinis
432 511 545 591 juditio
559 511 708 583 feruntur,
721 531 845 592 quaeque
857 508 960 590 majori
971 511 1044 591 parti
1056 512 1121 590 pul·

234 601 368 659 cherrima
386 597 552 663 videntur,
569 613 604 652 ea
624 594 748 652 maxime
761 612 900 670 exoptant
913 612 920 651 :
934 594 1065 653 nonnulli
1079 611 1122 650 ta·

233 699 288 740 nen
298 683 364 741 sive
377 678 521 737 felicitate
535 673 675 755 quadam,
691 675 754 733 sive
767 675 895 733 bonitate
909 693 1035 745 naturae,
1059 677 1123 734 sive

234 780 376 841 parentum
389 755 569 837 disciplina,
581 754 687 814 tedam
700 758 769 814 vitae
782 756 868 814 secuti
880 755 940 813 sunt
953 758 1041 815 viam.

269 840 411 908 xxxttl.
434 838 514 897 Illud
536 853 633 896 autent
649 837 771 896 maxIme
795 857 889 894 rarum
911 856 1001 914 genus
1017 834 1056 896 ell
1073 854 1125 896 eo·

240 941 292 980 rutn
303 924 350 1004 qui
371 937 426 978 aut
439 918 607 978 excellente
622 918 729 997 ingenii
746 917 963 998 magnitudine,
979 937 1027 976 aut
1047 939 1124 998 prte-

245 1003 303 1062 tlari
316 1003 496 1062 eruditione
517 1017 606 1079 atque
624 997 775 1069 dodlrind,
792 1017 840 1058 aut
859 999 980 1078 utrique
994 1019 1024 1058 re
1037 1021 1125 1060 orna-

240 1083 271 1154 ti,
286 1082 410 1163 spatium
429 1083 521 1141 etiam
546 1079 726 1138 deliberandi
751 1080 938 1151 habuerunt,
963 1100 1048 1160 quem
1071 1101 1124 1160 po·

243 1164 370 1224 tissimum
391 1165 466 1223 vitae
486 1159 598 1220 cursum
619 1158 697 1240 sequi
717 1160 853 1232 vellent,
881 1163 984 1241 inqua
1009 1162 1125 1220 delibe-

243 1248 345 1305 ntione.
361 1245 403 1304 ad
423 1244 506 1302 stram
519 1239 655 1320 cujusque
666 1240 795 1300 naturam
813 1243 967 1302 consilium
982 1239 1023 1300 est
1036 1261 1126 1301 omne

243 1327 444 1387 revocandum.
472 1322 551 1382 Nam
581 1343 669 1403 quum
688 1325 717 1381 in
742 1325 876 1383 omnibus
897 1344 961 1404 quae
982 1342 1127 1403 aguntur,

244 1427 270 1466 ex
287 1428 323 1469 eo
339 1407 463 1475 modo,
487 1424 547 1485 quo
562 1401 681 1482 quilque
694 1421 777 1464 natus
790 1403 851 1472 est,
873 1422 904 1462 ut
922 1403 1004 1484 supra
1018 1402 1126 1464 didlutn

244 1487 275 1547 est
294 1533 303 1562 ,
321 1490 396 1569 quid
416 1486 523 1546 deceat
547 1485 744 1565 exquirimus3
766 1489 827 1545 t'um
844 1485 873 1543 in
894 1503 955 1544 tota
975 1489 1035 1546 vita
1054 1506 1127 1545 con·

193 1570 203 1584 “
245 1567 395 1640 lliuendr,
413 1567 511 1627 multo
534 1564 575 1624 est
593 1568 620 1625 ei
641 1567 682 1625 rei
696 1588 763 1625 cura
783 1564 878 1645 major
896 1565 1077 1639 adhibenda,
1094 1583 1126 1628 ut

243 1650 359 1728 constare
373 1653 404 1709 in
416 1651 490 1707 vitae
505 1648 696 1726 perpetuitate
713 1650 859 1728 possimus
878 1648 1021 1710 nobismet
1034 1650 1126 1731 ipsis,

193 1720 199 1755 ³
244 1733 324 1792 necin
337 1727 404 1791 ullo
417 1726 522 1789 officio
536 1729 708 1787 claudicare.

194 1827 195 1831 ’
284 1813 414 1874 120.Ad
435 1811 511 1869 hanc
533 1827 630 1867 autem
649 1812 793 1869 tationem
816 1811 954 1891 quoniam
971 1811 1127 1874 maximam

200 1935 208 1977 ,3
241 1893 291 1955 vim
308 1912 418 1954 natura
431 1890 539 1960 habet,
559 1889 671 1949 fortuna
691 1893 877 1969 proximam3
898 1891 1043 1969 utriusque
1058 1912 1127 1950 ont-

193 1981 203 1992 ”
239 1976 300 2036 nino
313 1978 392 2034 ratio
412 1972 548 2031 habenda
569 1970 609 2031 est
625 1973 654 2030 in
670 1973 826 2052 deligendo
847 1992 952 2051 genere
968 1974 1056 2043 vitae;
1077 1971 1128 2033 sed

193 2114 200 2137 ,1
219 2121 223 2128 ,
242 2073 340 2117 natutae
356 2058 476 2135 magis:
500 2051 594 2112 multb
606 2054 683 2111 enim
695 2056 725 2113 ὅ(
738 2052 850 2110 firmior
868 2051 929 2124 eil,
949 2054 980 2113 &
992 2050 1128 2111 constan*

240 2139 302 2198 tier:
314 2157 326 2197 ι
339 2155 373 2197 ut
388 2135 737 2213 fortuna-nonnumquam
751 2152 898 2211 tamquam
910 2131 968 2211 ipsa
979 2134 1127 2204 mortalis,

241 2237 303 2278 tunt
319 2215 487 2277 immortali
507 2231 606 2276 natura
620 2234 747 2295 pugnate
760 2213 902 2274 videatur.
917 2213 980 2293 Qui
994 2216 1076 2295 igitur
1090 2216 1128 2277 ad

241 2317 344 2359 naturae
355 2297 415 2357 suae
430 2316 491 2356 non
504 2295 614 2355 vitiosa
628 2315 733 2375 genus,
745 2297 896 2355 consilium
910 2299 1029 2357 vivendi
1039 2319 1130 2359 omne

242 2381 417 2449 contulerit,
438 2379 461 2435 is
475 2374 662 2436 constantiam
678 2395 791 2436 teneat:
808 2377 837 2435 id
849 2380 924 2440 eninr
937 2380 1060 2437 maxime
1076 2381 1130 2441 de-

243 2478 303 2521 tet:
320 2461 378 2518 nisi
401 2457 480 2518 forte
496 2456 524 2516 se
542 2457 715 2516 intellexerit
734 2456 835 2516 erralle
854 2461 883 2516 in
907 2459 1064 2539 deligendo
1078 2482 1130 2540 ge·

245 2560 309 2602 nete
319 2543 402 2601 vitae.
419 2538 516 2616 Quod
530 2540 552 2596 si
566 2539 703 2597 acciderit
721 2537 733 2618 (
749 2537 842 2617 potest
863 2558 960 2598 autem
972 2540 1130 2621 accidere)

226 2618 373 2682 “facienda
383 2640 502 2680 morum
514 2618 767 2697 institutorumque
779 2622 899 2679 mutatio
911 2619 952 2679 est
968 2641 977 2677 1
990 2641 1052 2680 eam
1069 2642 1131 2682 mu·

245 2704 382 2763 tationem
397 2747 406 2774 ‚
430 2702 454 2760 si
467 2718 601 2778 tempora
612 2699 809 2777 adjuvabunt,
820 2701 1133 2762 faciliuscommoditis-
1194 2731 1199 2738 ·

314 2786 458 2844 faciemus
476 2803 484 2855 ;
504 2784 547 2840 sin
561 2783 673 2851 minus,
692 2782 795 2860 sensim
818 2783 871 2840 erit
932 2782 1133 2863 detentimque

273 2866 393 2937 cienda3
416 2880 446 2923 ut
462 2863 599 2922 amicitias
613 2883 694 2942 ‚quae
709 2865 802 2920 minus
814 2802 975 2932 deletlint,
996 2864 1027 2924 &
1038 2866 1132 2927 minits

250 2943 425 3023 prolientur,
440 2947 532 3025 magis
552 2943 656 3002 decere
673 2942 790 3002 censent
808 2941 947 3023 lipientes
962 2944 1067 3006 sensim
1080 2946 1134 3008 dis·

251 3024 324 3087 luere
345 3069 357 3098 ‚
376 3024 468 3107 quint
491 3024 613 3107 repente
633 3025 799 3111 praecidere.
822 3023 1010 3088 Commutato
1035 3048 1133 3090 autem

254 3123 359 3185 genere¹
376 3108 463 3174 vitae,
485 3107 567 3166 omni
587 3107 696 3182 ratione
718 3106 877 3167 curandum
889 3106 952 3183 est,
971 3128 1002 3170 ut
1011 3109 1041 3169 id
1053 3110 1134 3173 bono

255 3188 370 3250 consilio
382 3185 482 3248 fecille
495 3185 658 3248 videamur.

294 3331 305 3367 1
327 3315 361 3366 Ut
370 3313 485 3383 fortuna.
510 3311 580 3386 Hupc
596 3312 675 3364 locunt
709 3327 780 3369 tuna.
799 3316 882 3383 utipfir
896 3317 1139 3394 (nimirumfortuna)

257 3389 358 3432 muno
371 3379 449 3431 modo
466 3389 601 3442 conuptutn
620 3379 674 3430 exli-
712 3397 881 3446 nonnumquam
897 3398 1012 3451 tamquam
1030 3387 1138 3438 mortalit
1194 3401 1197 3408 ·

258 3443 316 3496 linat
330 3443 444 3498 Petreius
457 3481 464 3504 ‚
485 3458 554 3509 quem
566 3443 599 3495 sic
611 3444 678 3496 telin·
713 3462 762 3501 cunr
773 3448 916 3505 immortali,
939 3468 988 3499 cnm
999 3465 1083 3502 natura
1094 3470 1140 3520 pu·

260 3508 306 3574 tit,
324 3512 469 3578 conflando!
481 3509 530 3578 est,
543 3508 611 3578 quiin
624 3510 687 3582 for·¹
711 3527 784 3578 gnare
793 3513 908 3568 rideatur.

965 3598 996 3672 Ω
1070 3661 1072 3666 .
