2817 4267
578 361 757 427 Lanu
796 363 840 427 Vs
1079 376 1153 451 ⁵331

231 459 407 532 'debentur
433 468 561 532 odores:
580 470 686 530 mensa
703 465 966 550 ¹conquisitissimis
987 469 1079 551 epulis
1098 493 1156 533 ex·

239 555 442 618 eruebantur.
477 552 650 614 Fortunatus
674 553 728 612 sibi
753 551 913 614 Damocles
935 552 1099 614 videbatur.
1119 553 1155 613 ln

221 631 310 696 'hoc
338 635 449 695 medio
472 652 611 714 apparatu
643 632 806 714 fulgentem
832 635 962 715 gladium
985 636 1001 694 ὲ
1029 636 1154 693 lacunari

237 711 310 776 'seta
349 715 462 796 equina
493 735 595 794 aptum
629 715 745 774 demitti
770 712 876 794 jussit,
911 733 943 775 ut
969 716 1155 796 impenderet

241 795 330 858 filius
350 798 436 858 beati
449 796 622 857 cervicibus.
638 794 738 876 ltaque
757 816 812 856 nec
832 795 968 876 pulchros
985 797 1051 855 illos
1071 797 1154 855 mini·

243 875 397 938 stratores
421 876 594 959 aspiciebat,
619 897 673 935 nec
703 896 719 935 2
742 876 859 954 plenum
887 879 953 937 artis
979 896 1152 960 argentum:

244 979 312 1020 nec
326 979 450 1020 manunt
471 958 633 1039 porrigebat
647 961 675 1018 in
693 957 840 1018 mensam:
864 956 922 1036 jam
945 958 1012 1036 ipsae
1033 960 1151 1019 deflue-

242 1038 325 1100 ΗΜ
348 1061 492 1100 coronae:
514 1040 639 1119 denique
661 1041 794 1099 exoravit
819 1057 999 1121 tyrannum,
1021 1055 1052 1098 ut
1070 1041 1151 1098 abire

249 1121 377 1190 liceret,
399 1120 480 1202 qubd
499 1119 557 1195 iam
579 1121 679 1180 beatus
707 1119 799 1178 nollet
816 1119 882 1179 elle.
904 1119 1012 1180 Satisne
1031 1121 1150 1179 videtur

252 1200 415 1264 declarasse
430 1201 595 1282 Dionysius
615 1201 685 1260 nihil
699 1199 754 1260 elle
772 1201 802 1259 el
815 1201 953 1272 beatum,
978 1202 1023 1261 cui
1035 1199 1150 1281 semper

253 1285 362 1365 aliquis
379 1300 474 1346 terror
487 1281 677 1362 impendeat?
699 1285 798 1361 Atque
817 1285 843 1360 ei
864 1302 901 1341 ne
922 1284 981 1341 inte
1004 1302 1065 1340 rum
1085 1284 1151 1359 qui·

253 1366 323 1426 dem
340 1365 424 1433 erat,
441 1382 472 1424 ut
488 1364 525 1422 ad
537 1362 669 1441 jullitiam
680 1365 847 1443 remigraret
858 1406 867 1434 ,
879 1301 1049 1442 civibusque
1060 1361 1148 1421 liber-

254 1463 345 1508 tatem
368 1449 400 1506 δι
419 1445 480 1524 jura
494 1446 648 1506 reddet-et:
665 1446 697 1503 iis
718 1448 796 1503 enim
810 1444 839 1503 se
850 1443 1017 1503 adolescens
1035 1446 1148 1522 impro-

253 1530 323 1588 vidi
346 1544 438 1588 aetate.
453 1530 591 1586 irretietar
610 1528 729 1595 erratis,
763 1546 854 1606 eaque
884 1523 1088 1596 commiserat,
1113 1541 1147 1586 ut

253 1607 351 1679 salvus
374 1607 431 1668 elle
452 1629 512 1667 non
534 1607 689 1688 pollet,.si
705 1628 789 1666 sanus
810 1605 866 1667 esse
884 1604 1026 1687 coepisset.

292 1690 396 1751 XXll.
410 1689 606 1769 Quantopere
620 1687 841 1748 verb'amicitias
859 1688 1055 1761 desideraret,
1075 1699 1148 1767 qua-⁴

252 1793 319 1834 mm
335 1770 540 1832 infidelitatem
562 1770 789 1842 extimescebat,
819 1770 976 1829 declaravit
997 1774 1026 1828 in
1052 1790 1062 1825 1
1084 1769 1147 1849 Pya

250 1852 402 1936 thagoreis
430 1854 543 1913 duobus
561 1853 634 1911 illis:
655 1841 780 1931 quorum
802 1853 869 1911 clim
893 1853 1016 1909 alterurn
1038 1851 1146 1911 vadem

251 1937 357 1997 mortis
374 1933 550 2014 accepisset,
571 1934 667 2002 alter,
693 1951 723 1994 ut
750 1933 857 1992 vadem
882 1930 962 1990 suum
989 1932 1146 2007 liberaret¹

250 2015 358 2114 praeibit
368 2016 460 2076 suisset
475 2017 511 2076 ad
529 2014 629 2074 boram
641 2015 730 2074 morri
747 2012 937 2074 destinatam:
953 2014 1069 2072 Urinam
1082 2033 1143 2091 ego,

250 2101 367 2178 inquit,
391 2099 485 2158 territt-s
498 2099 576 2156 vobis
590 2098 696 2154 amicus
715 2093 861 2171 ascriberet.
874 2092 975 2172 Quitm
995 2095 1060 2151 huic
1072 2109 1143 2164 *erat

193 2229 197 2262 4
251 2179 524 2249 miserumcarere
550 2175 757 2236 consuetudine
793 2179 975 2252 amicorum,
1004 2174 1141 2234 societate

250 2260 359 2334 ridde,
380 2259 515 2322 sermone
536 2261 666 2320 omnino
679 2256 809 2319 familiari
825 2258 834 2319 l
850 2257 963 2332 homini
983 2256 1143 2342 praesertim

250 2342 343 2402 dotto
358 2340 377 2401 *a
395 2364 507 2421 puoto,
535 2344 565 2404 dt
582 2343 690 2404 artibus
710 2342 843 2423 ingenuis
861 2344 986 2405 erudito.
1009 2337 1140 2402 lv'lustco·

194 2457 199 2506 ¹,
249 2444 315 2484 rum
346 2426 420 2484 verb
449 2424 660 2504 perstudiosum
683 2428 872 2505 accepimus,
902 2427 1019 2506 poitam
1052 2423 1142 2494 etiam

193 2519 206 2530 '·
247 2505 415 2585 tragicum:
436 2505 520 2584 quam
538 2507 667 2577 bonum,
689 2507 760 2565 nihil
780 2507 898 2566 adrem
917 2508 967 2567 tin
983 2507 1039 2566 boc
1060 2512 1140 2567 enim

248 2605 358 2668 genere
375 2586 473 2646 nescio
493 2608 552 2666 quo
567 2587 648 2666 paslo
672 2590 779 2669 magis,
798 2588 885 2667 quim
898 2590 928 2646 in
950 2588 1030 2658 aliis,
1055 2587 1139 2650 suum

247 2671 355 2748 tuique
368 2668 520 2745 pulchrum
533 2668 583 2728 est.
595 2669 698 2728 Adhuc
714 2671 860 2728 neminem
874 2671 1002 2749 cognovi
1018 2673 1137 2746 poe'tam

247 2747 306 2830 s&
327 2749 400 2807 mibi
417 2746 471 2807 suit
495 2770 561 2808 cum
587 2750 718 2827 Aquinio
737 2748 885 2827 amicitia)
914 2752 963 2829 qui
994 2751 1048 2809 sibi
1076 2772 1137 2812 non
1186 2796 1188 2800 a

247 2833 377 2909 optimus
393 2830 558 2889 videretur:
574 2834 614 2889 sic
627 2831 653 2889 se
663 2851 708 2891 res
721 2831 822 2897 haber,
830 2830 877 2890 Te
887 2847 954 2902 tua,
973 2851 1021 2890 me
1041 2832 1137 2890 delec-

244 2927 307 2971 tant
316 2908 452 2971 meaSed
462 2912 536 2970 urad
547 2910 727 2989 Dionysium
740 2912 908 2971 redeamus:
924 2933 939 2971 2
950 2913 1030 2970 omni
1044 2914 1136 2985 cultu,

245 2993 278 3056 δι
291 2990 370 3051 victu
382 2991 509 3052 humano
520 2993 653 3051 carebat:
671 2995 790 3054 vivebat
805 3014 872 3051 cum
889 2992 1035 3072 fugitivis,
1064 3013 1138 3054 cum

245 3071 438 3146 facinorosis,
452 3094 517 3131 curn
533 3074 679 3132 barbaris:
697 3076 865 3144 neminem,
879 3075 929 3155 qui
941 3092 988 3134 aut
1000 3074 1135 3136 libertate

245 3155 349 3237 diguus
372 3152 462 3232 effer,
483 3173 530 3216 aut
550 3155 641 3216 vellet
656 3156 782 3227 ¹omnino
801 3155 874 3216 liber
895 3154 971 3232 elle,
995 3155 1048 3217 sibi
1060 3157 1133 3216 ami-

276 3298 402 3349 2Plerrurrr
420 3301 479 3347 artis
494 3315 620 3364 argentum.
642 3298 673 3350 La
739 3299 837 3350 nonni
850 3300 931 3361 cultu,
947 3300 997 3352 dcc.
1017 3299 1035 3350 ll
1055 3300 1134 3351 s’dtoit

244 3364 344 3418 raillelle
356 3364 371 3414 li
385 3364 524 3415 artillemeut
538 3365 665 3417 travaillee.
704 3364 772 3430 privd
783 3365 812 3416 de
823 3378 874 3416 tous
886 3367 917 3416 les
931 3365 1050 3430 ngrdmens
1064 3365 1135 3418 dirue

279 3445 290 3482 ι
306 3428 471 3496 Pythagoreis.
492 3429 537 3481 Les
551 3429 672 3499 l’ythago-
705 3430 792 3485 socidtd
803 3431 904 3499 polle&
920 3429 1029 3484 ainrable.

243 3494 342 3554 ticieus.
361 3494 455 3550 Damon
470 3494 602 3564 &l'ithian
621 3563 625 3570 ⁵
894 3503 895 3507 ’
