2817 4267
376 389 748 454 Tuscurrrrrun
789 392 926 454 Lraen·
945 392 985 455 V.
1061 417 1151 485 309¹

234 516 279 555 nae
299 493 361 568 est,
385 517 440 557 nec
463 515 604 557 tantarum
626 500 731 555 virium
757 494 816 569 esi,
840 519 869 559 ut
885 499 926 572 „se
951 502 1011 580 ipsa
1039 519 1120 563 tuea-

234 596 300 650 tur,
311 599 416 639 vereor
430 599 466 637 ne
478 599 537 637 non
550 596 609 637 tam
622 580 733 637 virtutis
746 576 853 645 fiducid
870 582 1021 642 nitendum
1035 586 1121 648 nobis

234 659 274 717 ad
292 659 371 739 spem
393 661 475 719 beate
497 660 639 732 vivendi,
657 660 746 739 quam
763 679 833 720 vota
850 664 980 722 iacienda
998 667 1121 726 videan-

234 757 291 799 tur.
317 740 457 819 Equidem
481 762 533 799 eos
553 740 648 810 casus,
664 744 694 800 in
714 742 818 821 quibus
838 762 886 802 nte
905 742 1018 805 fortuna
1031 749 1120 809 velte·

234 840 352 879 menter
361 825 504 893 exercuit,
514 843 629 882 mecum
640 822 700 902 ipl'e
712 823 915 896 considerans,
933 826 999 887 huic
1010 830 1119 909 incipio
1193 847 1200 858 ’

234 900 386 961 sentenriae
417 900 570 972 diffidere;
605 904 749 963 interdum
783 907 815 965 δι
846 905 963 972 humani
1025 912 1122 978 eneris

234 984 485 1055 imbecillitatem,
515 984 756 1064 fragilitatemque
783 987 982 1047 extimescere.
1004 928 1121 1052 {erent

234 1066 332 1136 enim,
350 1086 386 1124 ne
399 1084 512 1130 natura.
524 1068 592 1125 citm
609 1086 734 1142 corpora
753 1066 838 1125 nobis
848 1065 961 1128 infirma
976 1068 1120 1144 dedisset,

234 1146 326 1224 iisque
340 1147 371 1205 ὃ(
382 1149 502 1207 morbos
521 1146 712 1219 insanabiles,
733 1150 765 1209 δι
782 1148 911 1209 dolores*
924 1150 1122 1213 intolerabiles

234 1224 424 1302 adjunxisset,
453 1230 565 1287 animos
593 1246 712 1307 quoque
745 1226 859 1287 dederit
895 1230 927 1290 &
960 1251 1118 1312 corporum

234 1307 388 1366 doloribus
412 1325 626 1387 congruentes,
660 1309 693 1367 δι
718 1305 868 1387 separatim
887 1309 942 1368 suis
964 1315 1120 1391 angoribus

234 1390 269 1450 &
286 1388 424 1448 molestiis
451 1389 622 1467 implicatos.
641 1387 700 1447 Sed
721 1390 751 1445 in
770 1389 826 1449 hoc
844 1410 891 1449 me
907 1389 966 1471 ipse
989 1394 1120 1475 castigo,

234 1471 315 1550 qubd
336 1492 371 1529 ex
389 1471 530 1542 aliorum,
547 1472 579 1531 ἃ
600 1490 637 1528 ex
650 1467 747 1534 nostra
765 1468 878 1530 sortasse
896 1473 1037 1546 mollitia,
1059 1497 1120 1537 non
1200 1493 1202 1498 '

235 1570 276 1609 ex
292 1548 350 1631 ipsa
370 1552 477 1609 virture
494 1550 530 1610 de
550 1552 663 1616 virtutis
676 1551 784 1612 robore
798 1549 941 1613 existimo.
959 1552 1011 1613 Illa
1024 1560 1121 1635 enim,

234 1634 260 1691 si
280 1635 370 1693 morib
388 1630 428 1691 esi
447 1631 505 1691 ulla
523 1621 636 1703 iirtus,
658 1642 744 1711 quam
762 1633 974 1696 dubitationem
996 1657 1008 1696 1
1030 1660 1120 1699 avun-

235 1713 318 1772 culus
341 1733 424 1784 tuus,
450 1712 559 1783 Brute,
588 1711 697 1774 sustulit
713 1735 721 1774 t
736 1718 852 1782 omnia,
878 1736 942 1794 quae
963 1718 1069 1781 cadere
1087 1722 1118 1783 itt

234 1794 386 1853 bominem
405 1792 531 1872 poffunt,
552 1793 647 1852 subter
659 1792 688 1852 se
701 1795 808 1865 habet,
832 1816 925 1874 eaque
941 1797 1120 1879 despiciens,

235 1873 319 1935 casus
344 1878 506 1934 contemnit
529 1875 696 1938 humanos:
719 1875 862 1955 culpdque
889 1880 969 1936 omni
996 1902 1119 1956 carens,

236 1975 344 2036 praeter
358 1955 387 2015 se
402 1954 490 2035 ipsam
502 1955 574 2044 nihil
587 1953 683 2015 censet
693 1955 729 2014 ad
742 1954 770 2014 se
786 1959 938 2035 pertinere.
947 1956 1010 2018 Nos
1023 1980 1125 2030 autem

236 2039 337 2098 omnia
363 2034 483 2097 adversa
510 2052 573 2097 turn
598 2036 744 2097 venientia
766 2053 847 2096 metu
867 2055 1030 2118 augentes,
1057 2060 1122 2103 tum

235 2138 367 2178 moerore
386 2115 559 2200 prasentia,
589 2136 687 2177 rerum
713 2132 859 2189 naturam,
882 2117 968 2199 quim
990 2141 1122 2185 errorem

234 2198 387 2269 nostrum,
410 2199 548 2259 damnare
565 2201 719 2257 malumus.

278 2280 316 2341 ll.
337 2279 396 2340 Sed
415 2281 448 2341 &
466 2278 548 2359 hujus
565 2280 678 2360 culpae,
707 2278 740 2340 bt
765 2279 937 2342 caeterorum
957 2284 1118 2362 vitiorum,

234 2381 480 2445 peccatorumque
493 2359 657 2422 nostrorum
670 2361 765 2419 omnis
776 2360 792 2419 ai
802 2360 981 2445 philosophia
992 2373 1125 2447 petenda

235 2442 380 2504 coneilio
399 2443 441 2503 est
453 2465 460 2503 ε
479 2440 560 2523 cujus
570 2444 600 2501 in
617 2443 713 2502 sinum
724 2443 789 2500 cirm
801 2442 817 2501 ai
828 2445 927 2522 primis
938 2453 1119 2528 temporibus

234 2526 350 2597 atatis,
375 2523 470 2584 nostra
494 2524 627 2585 volontas
653 2515 835 2602 studiumque
862 2544 916 2584 nos
936 2530 1120 2608 contulisiet,

235 2608 283 2668 his
302 2606 479 2686 gravissimis
495 2604 608 2665 casibus
626 2606 656 2663 in
673 2603 810 2663 eumdem
838 2622 978 2684 portum,
1000 2630 1035 2668 ex
1058 2633 1118 2692 quo

236 2708 355 2749 eramus
380 2687 505 2767 egressi,
538 2684 643 2765 magnai
668 2683 762 2762 jaciati
781 2685 953 2765 tempestate
983 2690 1120 2774 confugi·

236 2789 317 2831 mus.
330 2766 361 2829 Ο
382 2769 449 2827 titae
467 2765 650 2848 philosophia
668 2767 727 2825 dux
742 2765 751 2825 Ι
769 2764 788 2824 ὃ
808 2768 922 2826 virtutis
942 2768 1119 2851 indagatrix,

235 2850 442 2945 expultrixque
454 2850 592 2908 vitiorum
606 2850 622 2921 l,
638 2848 707 2928 quid
726 2867 787 2911 non
802 2848 895 2908 modb
906 2870 975 2918 nos,
989 2852 1038 2912 sed
1053 2875 1120 2915 otu·

236 2935 309 2995 nino
327 2929 388 2991 vtta
403 2929 637 2991 hominum‘sine
656 2945 685 2988 te
707 2926 763 2989 elie
785 2927 937 3014 putuilieti
956 2929 1005 2993 Tu
1032 2936 1119 2997 urbes

235 3011 390 3095 peperisli:
413 3030 474 3071 atu
492 3011 649 3089 dissipatos
666 3008 800 3069 homines
811 3011 844 3090 'in
864 3007 1030 3075 societatem
1052 3019 1120 3079 vitae

234 3091 422 3166 convocasti3
443 3107 473 3151 tu
493 3110 544 3150 eos
565 3093 641 3149 inter
660 3086 689 3148 se
707 3090 802 3170 primi>
823 3089 995 3168 domiciliis,
1013 3096 1120 3161 deinde

236 3173 380 3258 conjugiis
388 3217 399 3247 ,
411 3190 473 3235 turn
486 3171 652 3245 literarum,
667 3172 700 3238 δι
711 3191 819 3238 vocum
836 3175 1041 3236 communione
1055 3178 1120 3258 jun·

273 3335 285 3369 1
315 3317 450 3368 Avunculus
480 3332 544 3367 tuus.
570 3315 664 3381 Nempe
712 3313 745 3370 '2
767 3313 802 3365 Tu
818 3316 964 3381 dissipatos,
984 3318 1035 3371 dre.
1058 3321 1121 3375 C'est

235 3382 436 3442 Catoutlcettl‘rs,
458 3380 595 3432 viriumma
607 3394 665 3430 con·
695 3378 731 3431 toi
754 3380 793 3446 qui
808 3394 833 3431 as
850 3380 912 3432 rsunl
930 3396 958 3433 ert
981 3382 1069 3435 sociere
1088 3387 1122 3444 lec

235 3450 346 3504 hanna:
363 3444 514 3521 restruite,
531 3444 594 3499 Bruti
610 3459 663 3500 nrt-
696 3445 807 3499 bonnus
818 3456 960 3515 auparavant
973 3448 1092 3516 disperses.

234 3516 294 3579 tris,
309 3513 378 3570 irater
394 3521 444 3569 etat
456 3521 569 3568 utentur.
