2817 4267
316 389 356 457 62
553 386 623 453 Da
663 384 963 466 Otttctts,

315 494 457 559 munitate
472 489 592 554 ducatur
603 491 756 567 officium,
773 496 804 554 id
825 494 882 554 elle
897 485 1068 555 maximum.
1082 487 1213 555 Eteniub

314 578 446 660 cognitio
456 577 726 657 contemplatioque
736 596 842 635 natutae
853 597 956 635 manca
971 575 1097 657 quodam
1107 579 1204 636 modo

313 677 401 740 atque
414 653 548 717 inclroat'a
569 660 624 731 sit,
647 661 671 716 si
690 656 856 717 nullaasiio
877 677 972 716 return
988 657 1202 738 consequatur:

314 759 349 801 ea
359 756 455 798 autem
467 737 541 798 auio
555 740 585 798 in
595 738 747 798 hominum
759 739 924 799 commodis
935 738 1052 798 tuendis
1071 737 1199 800 maxine

382 842 389 876 l
441 862 450 880 ο

311 839 379 958 terp
377 838 439 980 squr
446 899 571 971 Pertinet
584 899 670 981 igitur
687 898 724 959 ad
740 897 908 959 societatem
929 898 1043 981 generis
1060 877 1221 972 bomani,-

311 999 385 1063 etgo
405 981 466 1040 hec
490 977 650 1061 cognitioni
670 981 874 1061 anteponenda
885 979 945 1041 est:
963 997 1052 1062 atque
1068 979 1104 1041 id
1120 981 1202 1060 opti·

233 1105 241 1116 ,
311 1061 514 1143 uuusquisque
535 1081 565 1122 te
583 1064 648 1144 ipsa
667 1062 815 1133 ostendit,
833 1065 866 1124 δι
883 1061 1001 1141 judicat.
1020 1058 1101 1140 Quis
1119 1063 1222 1136 enitu-

311 1141 354 1205 est
378 1159 436 1204 tam
456 1143 578 1224 cupidus
602 1145 631 1201 in
651 1143 850 1224 perspicienda
868 1142 1132 1228 cognoscendaque¹
1149 1161 1198 1202 re·

310 1245 376 1285 rum
398 1244 516 1291 natura,
538 1242 593 1295 ut,
615 1226 639 1283 si
662 1226 689 1285 ei
705 1222 833 1283 nattam
859 1223 1130 1305 contemplantique
1147 1231 1196 1284 t'ea

308 1303 1197 1469 ἓῗὶἰῗῖἶὲῖἓξέἐὲἓὲἶἰέῗῗὲἰ,ἶῗῖἕῗεὲἒὶἰόξῖῗὲἲέ3ξῖἕῖῗέ

309 1470 367 1538 sit,
387 1489 447 1529 non
466 1469 514 1527 illa
533 1470 630 1527 omnia
651 1467 793 1548 relinquat
807 1484 894 1549 atque
914 1465 1051 1544 abjiciat,
1069 1467 1195 1538 etiamsi

309 1549 493 1609 dinumerate
507 1547 535 1607 se
545 1547 662 1621 stellas,
681 1569 728 1609 tut
744 1549 838 1608 metiti
857 1550 957 1608 mundi
968 1548 1196 1630 magnitudinem
1224 1599 1227 1614 ,

308 1628 390 1712 polle
405 1629 558 1689 arbitretur
576 1629 587 1687 ἓ
608 1649 693 1711 atque
710 1630 766 1689 boc
778 1630 857 1688 idem
874 1632 903 1689 iu
923 1633 1066 1709 parentis,
1084 1631 1114 1690 itt
1126 1631 1195 1690 anti·
1225 1627 1227 1637 '

308 1711 336 1772 ci
351 1730 403 1781 re,
423 1726 472 1769 aut
485 1710 616 1790 periculo
633 1710 744 1771 seceris.
761 1707 880 1788 Quibus
900 1711 985 1770 rebus
1004 1710 1192 1792 intelligitur,
1218 1687 1227 1803 ἐ

309 1790 411 1853 sludiis
422 1789 578 1872 officiisque
590 1792 713 1852 scientiae
726 1792 923 1873 praeponenda
936 1790 992 1851 esse
1003 1789 1103 1852 officia
1115 1790 1192 1872 justi·
1220 1841 1224 1866 2

307 1875 377 1943 tite,
398 1894 460 1955 quae
479 1875 622 1954 pertinent
637 1875 673 1933 ad
684 1875 837 1932 hominum
856 1874 1030 1948 utilitatem
1047 1872 1107 1955 qui
1124 1871 1191 1933 nibil
1220 1869 1225 1948 ζ

306 1954 419 2016 nomint
430 1952 485 2014 esse
503 1955 610 2025 debet,
627 1974 637 2012 ι
653 1957 810 2034 antiquius.
978 1961 982 1968 '
1220 1955 1225 2024 ,’

347 2033 456 2096 XLlV.
480 2036 575 2116 Atque
600 2034 667 2109 illi,
687 2055 810 2116 quotum
836 2031 927 2093 studia
949 2035 1068 2115 vitaque
1088 2034 1192 2110 somnia
1221 2033 1226 2105 ζ

237 2157 244 2170 .
307 2138 338 2179 m
360 2138 456 2178 tetum
476 2119 643 2211 cognitione
662 2115 773 2176 versata
796 2112 838 2174 esl
849 2160 859 2186 ,
880 2135 979 2175 tamen
998 2118 1034 2176 ab
1052 2105 1226 2256 aqgendis·'

305 2198 459 2259 hominum
487 2197 656 2256 utrlitatibus
688 2198 720 2257 &
743 2197 907 2256 commodis
928 2218 988 2256 non
1007 2217 1074 2258 rece
1100 2214 1191 2260 erunt.
1224 2234 1227 2270 3

278 2277 383 2349 ‚Nam
404 2282 433 2338 ὃ(
453 2278 621 2336 erudierunt
640 2275 770 2347 mulsos,
798 2280 857 2358 qub
877 2281 1015 2338 meliores
1032 2281 1111 2337 cives
1131 2280 1190 2338 uti·
1224 2277 1227 2286 '

306 2358 452 2439 lioresque
466 2359 549 2417 rebus
563 2357 618 2417 suis
631 2359 752 2438 publicis
765 2357 875 2432 eslent;
886 2377 917 2418 ut
928 2358 1104 2419 Thebanum
1114 2357 1191 2440 Epa·
1224 2359 1227 2432 j

305 2439 475 2503 minondam
501 2440 587 2519 Lysis
608 2438 831 2520 Pythagoreus,
849 2440 1035 2522 Syracusium
1059 2438 1201 2502 Dionem.
1225 2441 1227 2446 ’

305 2522 411 2589 Plato,
437 2519 575 2602 multique
601 2523 712 2579 multos
732 2541 739 2578 ε
761 2518 869 2599 nosque
893 2524 969 2600 ipsi,
992 2522 1132 2601 quidquid
1150 2520 1189 2581 ad

304 2603 513 2683 rempublicam
534 2603 681 2662 attulimus
701 2599 715 2679 (
738 2602 761 2662 si
778 2602 870 2662 modb
886 2604 994 2682 aliquid
1016 2602 1190 2681 attulimus)

305 2705 323 2745 a
341 2684 532 2755 dosloribus‚
554 2704 640 2765 atque
666 2681 827 2742 adollrina
851 2683 976 2743 insitusli
993 2686 1030 2743 ad
1049 2705 1139 2757 cam,
1159 2685 1191 2745 δι

305 2787 398 2830 ornati
412 2786 597 2826 accessimus.

353 2848 417 2925 156.
441 2846 548 2925 Neque
576 2845 667 2906 solium
688 2845 749 2905 vivi
773 2863 858 2926 atque
878 2844 1030 2927 presentes
1048 2844 1192 2907 studiosos

305 2928 435 2989 discendi
450 2928 605 2994 erudiunt,
626 2947 713 3007 atque
732 2927 858 2997 docent;
878 2927 925 2986 secl
939 2931 993 2987 hoc
1005 2927 1085 2986 irlern
1102 2930 1192 2987 etiam

305 3007 371 3091 post
388 3026 513 3066 mortem
532 3011 727 3066 monumentis
740 3009 899 3067 litteratum
914 3008 1116 3089 assequuntur:
1135 3023 1192 3068 trec

308 3091 386 3151 enim
406 3087 485 3148 locus
509 3088 583 3147 ullus
603 3086 802 3167 praetermissus
824 3088 864 3147 esl
886 3092 1000 3159 abiis,
1020 3094 1069 3170 qui
1090 3091 1126 3148 ad
1150 3088 1192 3149 le·

307 3191 380 3253 ges,
401 3172 448 3250 qui
463 3170 627 3241 adnotes,
647 3174 694 3249 qui
712 3172 748 3228 ad
763 3169 938 3249 disciplinam
951 3171 1117 3252 reipublice
1129 3190 1195 3251 pec·

306 3256 436 3317 tineret3
459 3270 489 3307 ut
503 3253 595 3309 otium
615 3251 695 3309 suum
715 3252 752 3309 ad
772 3251 898 3310 noslrum
921 3256 1069 3331 negotium
1088 3271 1194 3310 contu·

306 3331 367 3394 lille
381 3332 531 3391 videantur
545 3354 552 3389 ε
569 3337 606 3390 ita
620 3334 661 3391 illi
673 3333 729 3426 ipsi
745 3332 880 3392 doclriuae
896 3326 1036 3392 studiis&
1050 3331 1196 3413 sapientiae

306 3414 399 3477 dediti
408 3458 420 3485 ,
429 3413 464 3472 ad
478 3414 629 3474 hominum
641 3414 794 3480 utilitatem
804 3413 882 3475 suam
892 3415 1115 3511 intelligentiam
1129 3434 1197 3496 prus

344 3556 356 3594 r
367 3509 507 3606 Antiquitas.
514 3538 670 3595 l’raeurnttrs·
