2817 4267
491 397 641 462 Lim
682 411 948 461 securioris·
1114 417 1153 485 93

241 501 1159 667 sss{trstsssfsssss‘issisti'‘sssssztfsfs:

246 688 350 731 torum
374 668 505 739 causas,
520 668 551 728 dt
563 688 623 728 non
634 667 768 750 gravari,
784 666 815 725 δι
836 684 849 746 5
863 667 988 747 gratuito
999 666 1160 729 defenden-

249 754 306 826 tis,
320 748 485 812 beneficia
504 749 537 809 dt
559 749 720 829 patrocinia
737 747 793 808 late
813 763 923 827 patent.

294 833 348 912 67.
374 831 575 895 Admonebat
595 849 643 890 me
665 848 732 900 res,
753 847 784 887 ut
806 829 862 888 hoc
884 847 1002 910 quoque
1021 830 1090 892 loco
1109 831 1160 891 ina

256 916 488 976 resmissionem
516 910 710 994 eloquentia,
735 931 773 969 ne
795 909 888 969 dicam
917 912 1083 984 interitum,
1107 913 1162 974 de·

264 997 439 1078 plorarem3
466 993 495 1068 ni
515 1012 657 1065 vererer,
678 1011 717 1051 ne
740 991 779 1051 de
803 1011 850 1051 me
868 988 930 1072 ipso
947 991 1054 1072 aliquid
1073 994 1161 1056 vide·

267 1097 308 1138 rer
320 1077 422 1158 queri.
444 1071 505 1140 sed
519 1092 617 1135 tamen
631 1073 786 1146 videmus,
809 1072 912 1153 quibus
932 1071 1073 1133 exstinsiis
1094 1096 1162 1137 ora·

268 1159 402 1231 toribus,
421 1156 512 1239 quim
529 1157 558 1215 in
576 1156 672 1236 paucis
691 1152 775 1236 spes,
796 1154 905 1233 quanto
925 1155 955 1213 in
979 1157 1162 1236 paucioribus

271 1237 408 1312 fatuitas,
437 1236 527 1318 quim
554 1239 583 1296 in
602 1236 700 1312 multis
720 1237 757 1295 sit
786 1233 1040 1316 audaciaQuunr
1064 1255 1163 1299 autern

237 1349 239 1354 ¹
275 1340 375 1381 omnes
397 1340 460 1382 non
482 1320 617 1399 possint,
646 1336 683 1377 ne
701 1315 942 1397 multi'quidem3
964 1336 1014 1377 aut
1041 1315 1165 1398 jurispe-

277 1403 316 1462 riti
329 1401 405 1474 esse,
424 1419 475 1463 aut
496 1398 596 1459 diserti
608 1403 625 1473 ‚'
637 1399 707 1476 licet
717 1415 816 1458 tamen
829 1397 921 1478 operi
939 1396 1073 1477 prodesse
1085 1400 1164 1461 mui-

279 1485 327 1559 rit,
357 1480 505 1546 beneficia
534 1498 707 1562 petentem,
731 1479 989 1540 commendantem
1018 1477 1165 1559 judicibus

282 1564 307 1626 dt
331 1563 565 1648 magistratibus,
600 1564 629 1621 vi
652 1562 769 1621 ilantem
800 1582 853 1641 pro
883 1582 913 1621 re
942 1563 1080 1638 alterius,
1109 1577 1165 1628 Μ

281 1643 367 1725 ipsos,
385 1648 406 1709 6
426 1646 478 1725 qui
496 1661 545 1703 aut
565 1583 768 1713 consuluntur,
782 1662 830 1703 aut
849 1642 1031 1718 defendunt,
1051 1665 1164 1729 rogan·

283 1741 351 1804 ttm3
370 1727 453 1810 quod
497 1726 527 1783 ui
547 1721 678 1796 faciunt,
699 1724 854 1804 plurimum
870 1728 967 1805 gratiae
981 1728 1164 1810 consequun-

283 1821 335 1879 tur,
357 1809 561 1887 latissimeque
578 1826 678 1866 eorum
694 1822 793 1865 manat
811 1805 959 1866 industria.

315 1890 362 1953 68.
385 1888 454 1952 Jam
481 1886 554 1950 illud
582 1907 642 1949 non
665 1885 730 1946 sunt
747 1886 925 1948 admonendi
948 1885 1012 1967 (est
1034 1889 1112 1949 enim
1132 1891 1163 1952 in

237 2027 242 2042 ,
284 1970 437 2055 promptu)
462 1985 496 2028 ut
509 1969 637 2029 animum
657 1968 828 2040 advertant,
858 1988 948 2049 quum
969 1966 1070 2047 juvare
1090 1971 1165 2034 alios

284 2054 383 2124 veiint,
416 2072 455 2112 ne
481 2070 555 2132 quos
574 2048 725 2114 offendant
743 2071 750 2110 :
768 2048 843 2129 saepe
866 2051 944 2109 enirn
969 2067 1018 2110 aut
1040 2070 1093 2112 eos
1114 2050 1176 2136 la>

237 2120 243 2211 ξ
283 2131 361 2212 dunt,
378 2158 401 2216 7
420 2152 498 2215 quos
519 2151 578 2192 non
598 2130 728 2204 debent;
748 2147 798 2190 aut
814 2149 886 2201 eos,
903 2150 978 2213 quos
996 2151 1058 2192 non
1074 2152 1166 2213 expe·

238 2238 239 2246 ¹
282 2213 334 2278 dit:
357 2220 381 2277 si
403 2211 641 2296 imprudentes,v
662 2212 848 2294 negligentia
880 2210 944 2288 est;
967 2213 991 2272 si
1017 2212 1141 2276 scientes
1152 2228 1168 2289 ‚‘

237 2315 240 2342 ³
281 2299 457 2362 temeritatis.
476 2293 627 2355 Utendum
639 2296 726 2355 etiam
743 2292 928 2355 excusatione
943 2295 1079 2358 adversus
1093 2318 1165 2373 eos,

282 2399 346 2459 quos
365 2381 480 2440 invitus
496 2373 645 2447 offendas,
668 2395 852 2455 quacumque
872 2378 986 2457 possis,
1008 2399 1097 2461 quare
1116 2382 1165 2455 id,

238 2513 240 2532 ,
282 2462 352 2540 quod
371 2460 500 2531 seceris,
523 2454 635 2518 necesse
655 2454 760 2525 suerit,
776 2477 831 2516 nec
848 2458 932 2518 aliter
949 2458 1165 2542 sacerepotuev

281 2543 331 2608 ris:
351 2539 518 2622 ceterisque
538 2539 636 2620 operis
655 2539 688 2601 δι
703 2534 808 2599 offitiis
825 2539 900 2619 erit,
921 2540 1003 2624 quod
1021 2542 1164 2605 violatum

278 2620 333 2695 est,
353 2619 616 2702 compensandum.

315 2703 385 2765 XX.
400 2702 463 2766 Sed
484 2722 574 2784 quum
599 2702 627 2760 in
648 2698 814 2763 huminibus
834 2697 971 2779 juvandis
996 2718 1045 2761 aut
1067 2723 1166 2768 mores

280 2780 418 2864 [pedari.
436 2803 487 2846 aut
508 2782 623 2843 fortuna
641 2781 752 2853 solean
776 2802 789 2844 ι
812 2781 888 2842 disin
902 2782 1021 2861 quidem
1037 2782 1079 2845 est
1096 2807 1166 2866 pro.

281 2865 372 2940 clive,
392 2870 493 2949 itaque
511 2864 602 2947 vulgo
621 2864 796 2946 loquuntur,
813 2863 842 2923 se
857 2866 886 2923 in
902 2861 1052 2928 beneficiis
1070 2867 1166 2930 coilo:

283 2949 376 3012 tendis
396 2967 498 3010 mores
514 2945 687 3016 hominum,
711 2965 771 3008 non
790 2943 936 3005 fortunam
950 2944 1050 3028 sequi:
1072 2949 1166 3013 hone·

285 3027 321 3090 ua
336 3031 436 3092 oratio
454 3026 498 3090 est
509 3049 517 3087 r
529 3026 579 3087 sed
592 3027 656 3108 quis
668 3023 710 3086 est
723 3026 862 3100 tandem,
882 3029 931 3109 qui
951 3031 1047 3110 inopis
1061 3031 1094 3093 dt
1105 3055 1164 3114 op.

286 3109 340 3173 simi
352 3114 410 3174 viri
429 3107 522 3181 causae
540 3128 600 3171 non
616 3123 795 3189 anteponat,
817 3108 847 3169 in
861 3128 950 3195 opera¹
969 3110 1081 3188 danda,
1100 3134 1166 3195 gra-

314 3229 325 3275 5
346 3215 472 3274 Gratuita.
492 3213 526 3266 Ut
550 3212 602 3279 iege
623 3211 705 3265 Cincin
738 3213 840 3277 expedit.
860 3212 1120 3280 Quadripertita,
1139 3218 1165 3271 δι

285 3291 369 3333 taurum
386 3292 449 3333 erat.
738 3276 762 3336 id
775 3276 885 3327 nocivum
897 3277 942 3329 esse
962 3281 1045 3344 possit.

312 3347 327 3397 6
369 3351 394 3397 ui
414 3363 459 3398 con
471 3344 576 3394 usitatur.
591 3340 708 3398 Iuriscone
774 3356 785 3392 1
804 3340 879 3391 Dran
896 3344 986 3410 quidem
1005 3344 1036 3406 est
1053 3344 1167 3410 proclive,

286 3408 338 3465 triti.
376 3417 402 3463 nt·
417 3414 445 3484 42
458 3412 555 3462 endunt.
567 3408 692 3523 Oratpren
738 3406 826 3483 Dicere
840 3406 934 3528 pridem
950 3408 984 3478 tsi
1001 3411 1168 3487 inpromptu,

315 3477 409 3554 7Quos
428 3472 627 3552 nondeitnw
661 3474 707 3523 alr·
739 3470 808 3541 incise
827 3486 872 3543 e,

287 3553 348 3622 prm
365 3541 567 3614 conjuctionem.
581 3537 709 3627 Quaen
