2817 4267
257 390 316 478 338
488 387 899 452 Tuscutnrrnttunr

257 493 465 576 virtutibusque
496 495 629 555 omnibus
661 495 726 554 sine
761 493 823 553 ullo
847 492 939 570 animi
969 505 1076 552 terrore
1102 487 1137 549 atl
1175 500 1186 563 ἶ

257 581 413 638 cruciatum
433 573 585 658 proseslis,
598 574 710 635 resislet
724 593 805 636 entra
820 573 903 646 som
915 571 973 654 (ut
984 573 1048 631 aute
1057 569 1136 650 dixi)

259 663 406 739 limenque
423 659 555 718 carceris.
573 653 655 735 Quid
666 657 744 717 enirn
760 657 795 714 eri
806 653 932 726 soedius,
950 655 1021 735 quid
1040 651 1136 712 desor-

259 731 1139 818 miussolirelic‘li,comitatupulcherrimosegregatisquotl

259 841 355 880 tamen
368 817 429 878 fieri
452 819 531 878 nullo
550 817 631 899 paslo
693 816 764 879 test:
779 839 834 878 nec
848 819 924 876 enim
943 822 1071 876 virtutes
1083 816 1139 873 sine

258 903 342 962 beata
360 905 418 960 vita
439 901 585 960 cohrerere
603 841 736 979 possut,
756 919 811 959 nec
831 899 879 958 illa
894 901 959 958 sine
981 896 1141 957 virtutibus.

259 983 358 1064 ltaque
370 1001 434 1040 eam
447 981 628 1061 tergiversari
646 1002 705 1040 non
717 982 829 1054 sinent,
841 979 1001 1060 secumque
1012 980 1141 1057 rapient,

260 1064 297 1123 ad
317 1083 519 1145 quemcunque
539 1060 605 1142 ipste
626 1061 779 1136 dolorem,
799 1063 1021 1141 cruciatumque
1033 1063 1138 1118 ducen·

261 1163 316 1205 tur.
336 1143 475 1224 Sapientis
492 1141 531 1202 esi
553 1145 631 1202 enim
650 1146 820 1226 proprium,
836 1142 930 1214 nihil,
953 1141 1038 1221 quod
1051 1141 1142 1220 poeni·

261 1245 323 1286 tere
334 1228 446 1306 possit,
458 1223 573 1298 facere,
585 1225 656 1285 nibil
670 1227 811 1285 invitum:
825 1223 997 1305 splendide,
1016 1219 1144 1282 constan·

262 1325 322 1373 ter.
353 1307 496 1387 graviter,
520 1301 639 1365 honeste
661 1306 785 1365 omnia:
814 1305 888 1364 nibil
911 1306 951 1364 ita
972 1302 1144 1385 expeslare,

262 1389 344 1468 quasi
365 1389 447 1447 certb
467 1386 613 1446 sururum:
632 1388 724 1460 nibil,
739 1389 805 1447 clim
819 1385 979 1458 acciderit,
993 1385 1144 1456 admirari,

264 1489 295 1527 ut
320 1470 516 1548 inopinatum,
544 1489 576 1528 ac
595 1489 708 1528 novum
723 1466 856 1528 accidisse
875 1468 1030 1528 videatur:
1049 1466 1144 1528 omnic

262 1551 300 1608 atl
312 1550 391 1606 suum
403 1551 550 1609 arbitrium
561 1549 685 1609 referte:
700 1547 755 1608 suis
767 1545 974 1627 starejutliciis.
988 1546 1061 1626 Quo
1072 1545 1141 1626 quid

264 1633 300 1688 sit
314 1631 442 1702 beatius,
464 1631 536 1688 mibi
555 1631 634 1690 certb
650 1632 680 1689 in
697 1649 825 1690 mentem
840 1633 946 1692 venire
962 1649 1020 1689 non
1038 1625 1140 1709 potest.

263 1709 429 1768 Stoicorum
441 1712 560 1790 quidem
579 1709 670 1771 sacilis
680 1711 828 1772 conclusio
840 1708 883 1771 est
895 1735 903 1773 t
917 1711 968 1792 qui
980 1712 1045 1770 citur
1056 1707 1141 1769 finem

263 1790 409 1850 bonorum
437 1789 493 1851 elle
518 1789 672 1863 senserint,
699 1812 712 1851 ι
735 1812 899 1872 congruere
914 1811 1040 1863 nature,
1062 1792 1141 1850 ct'tnr-

264 1893 323 1952 que
343 1891 377 1931 ea
400 1875 607 1932 convenienter
626 1875 748 1934 virere:
771 1878 838 1934 elim
857 1875 889 1933 id
913 1876 952 1933 sit
975 1876 1006 1933 in
1025 1871 1140 1953 sapiente

265 1959 371 2021 situm,
398 1975 457 2014 non
494 1952 593 2014 officio
614 1953 705 2014 solltm
724 1998 735 2025 ,
755 1959 857 2015 verbm
873 1957 965 2016 ctiam
991 1952 1141 2036 poteslatet

268 2036 401 2115 sequatur
421 2033 532 2094 necesse
555 2033 615 2104 est,
638 2053 669 2094 ut
689 2034 771 2113 cujus
793 2039 822 2096 in
863 2035 992 2096 otestate
1009 2035 1140 2095 summunt

266 2118 396 2186 bonum,
415 2119 443 2175 in
457 2115 584 2193 ejusdem
598 2117 658 2176 vita
674 2116 759 2176 beata
778 2120 824 2176 sit.
840 2059 885 2177 lla
905 2120 943 2178 sit
963 2117 1076 2197 semper
1090 2116 1142 2174 rita

266 2199 350 2257 beata
365 2197 508 2276 sapientis.
530 2219 546 2259 2
563 2197 681 2270 Habes,
692 2219 756 2277 quae
769 2196 925 2258 fortissime
938 2199 978 2258 de
997 2201 1081 2258 beata
1091 2199 1144 2256 vite

267 2281 324 2336 dici
340 2297 465 2356 putent,
488 2279 541 2350 δι,
568 2300 627 2357 quo
649 2280 740 2338 modo
760 2301 836 2340 nunc
855 2278 917 2352 est,
946 2283 1003 2339 nisi
1023 2279 1094 2360 quid
1118 2296 1143 2337 tu

267 2359 369 2417 melius
391 2360 538 2430 attuleris,
560 2363 646 2420 etiam
668 2357 824 2420 verissime.

311 2438 420 2497 XXlX.
449 2444 486 2499 A.
517 2439 623 2499 Melius
650 2444 770 2521 quidem
796 2440 898 2501 afferre
926 2442 1001 2500 nihil
1023 2439 1147 2523 possunt:

268 2518 318 2578 setl
332 2523 384 2579 ite
397 2524 573 2599 impetrarim
587 2523 727 2595 libenter,
747 2524 801 2582 nisi
813 2522 969 2582 molestum
981 2526 1035 2595 sit,
1056 2545 1069 2602 3
1085 2544 1148 2600 quo·

268 2605 345 2659 niam
361 2622 388 2661 te
410 2605 486 2661 nullu
502 2605 614 2662 vincula
633 2604 794 2683 impediunt
813 2606 899 2664 ullius
919 2622 1009 2664 cettae
1031 2603 1149 2685 discipli·

269 2703 330 2746 nac.
346 2683 470 2763 libasque
487 2706 522 2743 ex
542 2684 675 2743 omnibus
690 2686 885 2764 quodcunque
902 2705 931 2744 te
948 2687 1077 2744 maxime
1090 2685 1148 2766 spe·

269 2767 315 2822 cie
336 2767 461 2823 veritatis
483 2785 606 2825 movet:
627 2770 707 2845 quod
729 2768 814 2845 paulo
835 2767 902 2824 autb
926 2768 1149 2847 Peripateticos,

269 2864 461 2925 veteremque
489 2847 677 2906 Academiam
707 2849 813 2908 hortati
842 2849 1003 2920 videbare,
1037 2866 1071 2907 ut
1093 2850 1152 2907 sine

271 2925 470 2985 retraetarione
505 2929 593 2987 libere
622 2930 720 2988 dicere
752 2929 889 2998 auderet,
931 2930 1077 3008 sapientes
1100 2928 1152 2989 esse

271 3006 385 3086 semper
405 3008 609 3082 beatissimos,
625 3010 656 3067 id
677 3011 767 3072 velim
795 3011 893 3070 audire
910 3005 934 3086 '4
959 3011 1153 3092 quemadmo-

308 3148 316 3180 1
333 3133 460 3197 congruere
480 3148 576 3181 narnroe.
595 3134 614 3183 A
633 3134 694 3186 s’ac·
730 3135 860 3199 pointdrus
875 3136 908 3188 les
924 3138 982 3189 lictis
998 3141 1095 3191 tl'rucun
1107 3139 1156 3206 sys-

272 3199 357 3248 cortltr
372 3213 430 3247 :succ
450 3200 469 3247 lt
488 3212 576 3250 nature.
728 3202 801 3251 tsute.

308 3262 430 3323 tlr'ubts,
451 3267 578 3327 quae,&c.
592 3263 695 3324 Volllle
761 3283 777 3326 4
795 3265 994 3333 Quemadmodum
1015 3267 1052 3315 stit
1072 3283 1154 3334 putes,

272 3328 383 3397 peni‘ece
402 3344 447 3393 utre
468 3331 512 3378 l’on
529 3343 584 3392 peut
596 3329 644 3378 dire
664 3331 693 3381 de
728 3330 911 3383 &ceonnenr
923 3346 983 3383 tous
994 3334 1154 3399 ctoyezqu'ils

273 3393 321 3455 plus
336 3399 381 3441 tert
399 3395 434 3443 lut
447 3393 468 3442 ln
481 3397 517 3446 vie
529 3395 648 3445 lreureuse.
729 3408 830 3459 petiuerit
844 3397 864 3447 le
885 3399 933 3447 dire
946 3399 996 3451 sans
1014 3399 1154 3456 teuoucttl

307 3472 318 3519 3
334 3459 568 3525 eronianrennlt'a,
581 3459 696 3509 &tl’uis-
728 3462 788 3514 leurs
798 3462 922 3529 principes.

268 3534 314 3589 que
336 3538 396 3576 rous
417 3538 447 3579 ne
466 3539 529 3580 tous
548 3524 699 3579 embartnllta
