<?xml version="1.0" encoding="UTF-8"?>
<!DOCTYPE html PUBLIC "-//W3C//DTD XHTML 1.0 Transitional//EN"
    "http://www.w3.org/TR/xhtml1/DTD/xhtml1-transitional.dtd">
<html xmlns="http://www.w3.org/1999/xhtml" xml:lang="en" lang="en">
 <head>
  <title>
</title>
<meta http-equiv="Content-Type" content="text/html;charset=utf-8" />
  <meta name='ocr-system' content='tesseract 3.04.00' />
  <meta name='ocr-capabilities' content='ocr_page ocr_carea ocr_par ocr_line ocrx_word'/>
</head>
<body>
  <div class='ocr_page' id='page_1' title='image "./selectaoperaphi00cicegoog_0330.png"; bbox 0 0 2817 4267; ppageno 0'>
   <div class='ocr_carea' id='block_1_1' title="bbox 460 298 1227 2201">
    <p class='ocr_par' dir='ltr' id='par_1_1' title="bbox 465 298 1227 1210">
     <span class='ocr_line' id='line_1_1' title="bbox 470 298 1227 398; baseline -0.001 -22"><span class='ocrx_word' id='word_1_1' title='bbox 470 321 528 388; x_wconf 79' lang='lat' dir='ltr'>na‘,</span> <span class='ocrx_word' id='word_1_2' title='bbox 546 321 655 398; x_wconf 88' lang='lat' dir='ltr'>inquit,</span> <span class='ocrx_word' id='word_1_3' title='bbox 680 320 786 378; x_wconf 69' lang='lat' dir='ltr'>coenulai</span> <span class='ocrx_word' id='word_1_4' title='bbox 808 342 862 378; x_wconf 84' lang='lat' dir='ltr'>nort</span> <span class='ocrx_word' id='word_1_5' title='bbox 879 321 1065 398; x_wconf 76' lang='lat' dir='ltr'>intellexistis,</span> <span class='ocrx_word' id='word_1_6' title='bbox 1091 298 1227 398; x_wconf 64' lang='lat' dir='ltr'>ine,pecrt</span> 
     </span>
     <span class='ocr_line' id='line_1_2' title="bbox 470 397 1227 481; baseline -0.001 -23"><span class='ocrx_word' id='word_1_7' title='bbox 470 401 565 479; x_wconf 63' lang='lat' dir='ltr'>egere?</span> <span class='ocrx_word' id='word_1_8' title='bbox 578 402 726 481; x_wconf 76' lang='lat' dir='ltr'>quoscum</span> <span class='ocrx_word' id='word_1_9' title='bbox 738 398 876 459; x_wconf 81' lang='lat' dir='ltr'>tristiores</span> <span class='ocrx_word' id='word_1_10' title='bbox 888 398 1018 471; x_wconf 82' lang='lat' dir='ltr'>vidillet,</span> <span class='ocrx_word' id='word_1_11' title='bbox 1034 420 1053 472; x_wconf 85' lang='lat'>4</span> <span class='ocrx_word' id='word_1_12' title='bbox 1065 397 1154 458; x_wconf 83' lang='lat' dir='ltr'>XXX</span> <span class='ocrx_word' id='word_1_13' title='bbox 1168 403 1227 458; x_wconf 89' lang='lat' dir='ltr'>min</span> 
     </span>
     <span class='ocr_line' id='line_1_3' title="bbox 470 480 1227 562; baseline 0.001 -23"><span class='ocrx_word' id='word_1_14' title='bbox 470 483 532 562; x_wconf 88' lang='lat' dir='ltr'>pit,</span> <span class='ocrx_word' id='word_1_15' title='bbox 557 502 594 540; x_wconf 90' lang='lat' dir='ltr'>ne</span> <span class='ocrx_word' id='word_1_16' title='bbox 624 480 765 562; x_wconf 86' lang='lat' dir='ltr'>aspernari</span> <span class='ocrx_word' id='word_1_17' title='bbox 792 483 867 560; x_wconf 76' lang='lat' dir='ltr'>tegis</span> <span class='ocrx_word' id='word_1_18' title='bbox 888 481 1088 540; x_wconf 86' lang='lat' dir='ltr'>liberalitatem</span> <span class='ocrx_word' id='word_1_19' title='bbox 1111 480 1227 540; x_wconf 85' lang='lat' dir='ltr'>videret</span> 
     </span>
     <span class='ocr_line' id='line_1_4' title="bbox 469 560 1227 645; baseline 0 -23"><span class='ocrx_word' id='word_1_20' title='bbox 469 563 542 622; x_wconf 78' lang='lat' dir='ltr'>verb</span> <span class='ocrx_word' id='word_1_21' title='bbox 574 560 724 645; x_wconf 81' lang='lat' dir='ltr'>Diogenes</span> <span class='ocrx_word' id='word_1_22' title='bbox 751 563 889 630; x_wconf 80' lang='lat' dir='ltr'>liberius,</span> <span class='ocrx_word' id='word_1_23' title='bbox 920 581 953 621; x_wconf 94' lang='lat' dir='ltr'>ut</span> <span class='ocrx_word' id='word_1_24' title='bbox 984 560 1140 642; x_wconf 81' lang='lat' dir='ltr'>Cynicus,</span> <span class='ocrx_word' id='word_1_25' title='bbox 1183 563 1227 622; x_wconf 86' lang='lat' dir='ltr'>Al</span> 
     </span>
     <span class='ocr_line' id='line_1_5' title="bbox 469 641 1227 726; baseline -0.001 -22"><span class='ocrx_word' id='word_1_26' title='bbox 469 646 601 726; x_wconf 83' lang='lat' dir='ltr'>roganti,</span> <span class='ocrx_word' id='word_1_27' title='bbox 620 662 650 704; x_wconf 92' lang='lat' dir='ltr'>ut</span> <span class='ocrx_word' id='word_1_28' title='bbox 669 644 777 703; x_wconf 87' lang='lat' dir='ltr'>diceret</span> <span class='ocrx_word' id='word_1_29' title='bbox 794 644 818 702; x_wconf 85' lang='lat' dir='ltr'>si</span> <span class='ocrx_word' id='word_1_30' title='bbox 835 642 904 724; x_wconf 90' lang='lat' dir='ltr'>quid</span> <span class='ocrx_word' id='word_1_31' title='bbox 921 664 996 721; x_wconf 87' lang='lat' dir='ltr'>opus</span> <span class='ocrx_word' id='word_1_32' title='bbox 1014 641 1104 714; x_wconf 86' lang='lat' dir='ltr'>effet,</span> <span class='ocrx_word' id='word_1_33' title='bbox 1138 646 1227 704; x_wconf 84' lang='lat' dir='ltr'>Nunc</span> 
     </span>
     <span class='ocr_line' id='line_1_6' title="bbox 465 721 1227 807; baseline 0 -23"><span class='ocrx_word' id='word_1_34' title='bbox 465 728 629 807; x_wconf 75' lang='lat' dir='ltr'>paululum,</span> <span class='ocrx_word' id='word_1_35' title='bbox 651 727 762 805; x_wconf 90' lang='lat' dir='ltr'>inquit,</span> <span class='ocrx_word' id='word_1_36' title='bbox 790 725 808 782; x_wconf 76' lang='grc' dir='ltr'><em>ἆ</em></span> <span class='ocrx_word' id='word_1_37' title='bbox 821 725 888 801; x_wconf 67' lang='lat' dir='ltr'>sile.</span> <span class='ocrx_word' id='word_1_38' title='bbox 904 722 1055 784; x_wconf 81' lang='lat' dir='ltr'>Offecerat</span> <span class='ocrx_word' id='word_1_39' title='bbox 1069 721 1227 804; x_wconf 48' lang='lat' dir='ltr'>vilelicet¹</span> 
     </span>
     <span class='ocr_line' id='line_1_7' title="bbox 468 804 1223 886; baseline -0.001 -21"><span class='ocrx_word' id='word_1_40' title='bbox 468 809 499 866; x_wconf 91' lang='lat' dir='ltr'>ri.</span> <span class='ocrx_word' id='word_1_41' title='bbox 524 804 560 865; x_wconf 87' lang='lat' dir='ltr'>Et</span> <span class='ocrx_word' id='word_1_42' title='bbox 583 807 629 866; x_wconf 87' lang='lat' dir='ltr'>hic</span> <span class='ocrx_word' id='word_1_43' title='bbox 650 807 766 885; x_wconf 87' lang='lat' dir='ltr'>quidem</span> <span class='ocrx_word' id='word_1_44' title='bbox 790 804 932 884; x_wconf 86' lang='lat' dir='ltr'>disputare</span> <span class='ocrx_word' id='word_1_45' title='bbox 956 804 1086 880; x_wconf 80' lang='lat' dir='ltr'><strong>solebat,</strong></span> <span class='ocrx_word' id='word_1_46' title='bbox 1114 805 1223 886; x_wconf 77' lang='lat' dir='ltr'>quanti&gt;</span> 
     </span>
     <span class='ocr_line' id='line_1_8' title="bbox 467 885 1222 968; baseline -0.003 -21"><span class='ocrx_word' id='word_1_47' title='bbox 467 887 612 947; x_wconf 79' lang='lat' dir='ltr'>Persarum</span> <span class='ocrx_word' id='word_1_48' title='bbox 630 888 708 958; x_wconf 74' lang='lat' dir='ltr'>vitai,</span> <span class='ocrx_word' id='word_1_49' title='bbox 727 886 842 947; x_wconf 71' lang='lat' dir='ltr'>fortuna</span> <span class='ocrx_word' id='word_1_50' title='bbox 864 907 900 945; x_wconf 90' lang='lat' dir='ltr'>ue</span> <span class='ocrx_word' id='word_1_51' title='bbox 913 885 1078 968; x_wconf 88' lang='lat' dir='ltr'>superaret:</span> <span class='ocrx_word' id='word_1_52' title='bbox 1091 885 1222 948; x_wconf 82' lang='lat' dir='ltr'>sibinilril</span> 
     </span>
     <span class='ocr_line' id='line_1_9' title="bbox 467 907 1227 1049; baseline 0 -24"><span class='ocrx_word' id='word_1_53' title='bbox 467 969 507 1025; x_wconf 91' lang='lat' dir='ltr'>illi</span> <span class='ocrx_word' id='word_1_54' title='bbox 530 969 602 1025; x_wconf 81' lang='lat' dir='ltr'>nihil</span> <span class='ocrx_word' id='word_1_55' title='bbox 620 966 684 1026; x_wconf 89' lang='lat' dir='ltr'>satis</span> <span class='ocrx_word' id='word_1_56' title='bbox 705 989 831 1049; x_wconf 86' lang='lat' dir='ltr'>unquam</span> <span class='ocrx_word' id='word_1_57' title='bbox 844 907 916 1028; x_wconf 72' lang='lat' dir='ltr'>lore</span> <span class='ocrx_word' id='word_1_58' title='bbox 937 990 945 1030; x_wconf 84' lang='grc' dir='ltr'>ι</span> <span class='ocrx_word' id='word_1_59' title='bbox 964 967 992 1028; x_wconf 88' lang='lat' dir='ltr'>se</span> <span class='ocrx_word' id='word_1_60' title='bbox 1009 965 1075 1047; x_wconf 84' lang='lat' dir='ltr'>ejus</span> <span class='ocrx_word' id='word_1_61' title='bbox 1100 970 1227 1049; x_wconf 79' lang='lat' dir='ltr'>voluptat</span> 
     </span>
     <span class='ocr_line' id='line_1_10' title="bbox 467 1047 1227 1132; baseline 0.001 -23"><span class='ocrx_word' id='word_1_62' title='bbox 467 1050 651 1122; x_wconf 87' lang='lat' dir='ltr'>desiderare,</span> <span class='ocrx_word' id='word_1_63' title='bbox 673 1050 777 1129; x_wconf 82' lang='lat' dir='ltr'>quibus</span> <span class='ocrx_word' id='word_1_64' title='bbox 800 1069 945 1129; x_wconf 86' lang='lat' dir='ltr'>nunquam</span> <span class='ocrx_word' id='word_1_65' title='bbox 966 1048 1057 1109; x_wconf 88' lang='lat' dir='ltr'>satiari</span> <span class='ocrx_word' id='word_1_66' title='bbox 1075 1050 1125 1111; x_wconf 90' lang='lat' dir='ltr'>ille</span> <span class='ocrx_word' id='word_1_67' title='bbox 1154 1047 1227 1132; x_wconf 77' lang='lat' dir='ltr'>polle</span> 
     </span>
     <span class='ocr_line' id='line_1_11' title="bbox 467 1128 1025 1210; baseline -0.007 -16"><span class='ocrx_word' id='word_1_68' title='bbox 467 1150 534 1194; x_wconf 76' lang='lat' dir='ltr'>curn</span> <span class='ocrx_word' id='word_1_69' title='bbox 557 1128 695 1209; x_wconf 85' lang='lat' dir='ltr'>consequi</span> <span class='ocrx_word' id='word_1_70' title='bbox 718 1130 799 1191; x_wconf 90' lang='lat' dir='ltr'>nullo</span> <span class='ocrx_word' id='word_1_71' title='bbox 823 1130 915 1190; x_wconf 87' lang='lat' dir='ltr'>modo</span> <span class='ocrx_word' id='word_1_72' title='bbox 933 1128 1025 1210; x_wconf 86' lang='lat' dir='ltr'>polle.</span> 
     </span>
    </p>

    <p class='ocr_par' dir='ltr' id='par_1_2' title="bbox 464 1210 1227 1454">
     <span class='ocr_line' id='line_1_12' title="bbox 507 1210 1227 1296; baseline 0 -24"><span class='ocrx_word' id='word_1_73' title='bbox 507 1210 649 1272; x_wconf 89' lang='lat' dir='ltr'>XXXlll.</span> <span class='ocrx_word' id='word_1_74' title='bbox 667 1211 779 1285; x_wconf 82' lang='lat' dir='ltr'>Vides,</span> <span class='ocrx_word' id='word_1_75' title='bbox 801 1212 910 1281; x_wconf 87' lang='lat' dir='ltr'>credo,</span> <span class='ocrx_word' id='word_1_76' title='bbox 928 1230 960 1271; x_wconf 92' lang='lat' dir='ltr'>ut</span> <span class='ocrx_word' id='word_1_77' title='bbox 981 1211 1124 1291; x_wconf 81' lang='lat' dir='ltr'>Epicurus</span> <span class='ocrx_word' id='word_1_78' title='bbox 1159 1212 1227 1296; x_wconf 84' lang='lat' dir='ltr'>cupi</span> 
     </span>
     <span class='ocr_line' id='line_1_13' title="bbox 465 1290 1212 1378; baseline 0 -24"><span class='ocrx_word' id='word_1_79' title='bbox 465 1314 571 1378; x_wconf 81' lang='lat' dir='ltr'>genera</span> <span class='ocrx_word' id='word_1_80' title='bbox 583 1291 729 1364; x_wconf 85' lang='lat' dir='ltr'>diviserit,</span> <span class='ocrx_word' id='word_1_81' title='bbox 743 1314 802 1354; x_wconf 91' lang='lat' dir='ltr'>non</span> <span class='ocrx_word' id='word_1_82' title='bbox 816 1294 898 1352; x_wconf 83' lang='lat' dir='ltr'>nimis</span> <span class='ocrx_word' id='word_1_83' title='bbox 914 1290 1027 1353; x_wconf 74' lang='lat' dir='ltr'>fortasse</span> <span class='ocrx_word' id='word_1_84' title='bbox 1046 1291 1212 1364; x_wconf 84' lang='lat' dir='ltr'>subtiliter,</span> 
     </span>
     <span class='ocr_line' id='line_1_14' title="bbox 464 1372 1227 1454; baseline -0.003 -16"><span class='ocrx_word' id='word_1_85' title='bbox 464 1394 594 1438; x_wconf 86' lang='lat' dir='ltr'>tamen:</span> <span class='ocrx_word' id='word_1_86' title='bbox 630 1377 733 1454; x_wconf 87' lang='lat' dir='ltr'>partim</span> <span class='ocrx_word' id='word_1_87' title='bbox 773 1372 829 1434; x_wconf 85' lang='lat' dir='ltr'>elle</span> <span class='ocrx_word' id='word_1_88' title='bbox 871 1376 1040 1447; x_wconf 79' lang='lat' dir='ltr'>naturales,</span> <span class='ocrx_word' id='word_1_89' title='bbox 1083 1376 1115 1438; x_wconf 89' lang='lat'>&amp;</span> <span class='ocrx_word' id='word_1_90' title='bbox 1159 1396 1227 1437; x_wconf 82' lang='lat' dir='ltr'>nece</span> 
     </span>
    </p>

    <p class='ocr_par' dir='ltr' id='par_1_3' title="bbox 460 1454 1227 2201">
     <span class='ocr_line' id='line_1_15' title="bbox 486 1454 1227 1535; baseline -0.004 -20"><span class='ocrx_word' id='word_1_91' title='bbox 486 1459 566 1516; x_wconf 84' lang='lat' dir='ltr'>attint</span> <span class='ocrx_word' id='word_1_92' title='bbox 580 1457 738 1525; x_wconf 82' lang='lat' dir='ltr'>naturales,</span> <span class='ocrx_word' id='word_1_93' title='bbox 760 1456 792 1516; x_wconf 74' lang='grc' dir='ltr'>ὅ(</span> <span class='ocrx_word' id='word_1_94' title='bbox 804 1476 863 1516; x_wconf 89' lang='grc' dir='ltr'>ιιοιι</span> <span class='ocrx_word' id='word_1_95' title='bbox 875 1454 1057 1516; x_wconf 74' lang='lat' dir='ltr'>necessarias:</span> <span class='ocrx_word' id='word_1_96' title='bbox 1080 1459 1186 1535; x_wconf 87' lang='lat' dir='ltr'>partim</span> <span class='ocrx_word' id='word_1_97' title='bbox 1205 1479 1227 1516; x_wconf 85' lang='lat' dir='ltr'>n</span> 
     </span>
     <span class='ocr_line' id='line_1_16' title="bbox 464 1479 1227 1618; baseline 0.001 -21"><span class='ocrx_word' id='word_1_98' title='bbox 464 1479 641 1598; x_wconf 71' lang='lat' dir='ltr'>liecellarias</span> <span class='ocrx_word' id='word_1_99' title='bbox 665 1536 753 1596; x_wconf 88' lang='lat' dir='ltr'>satiari</span> <span class='ocrx_word' id='word_1_100' title='bbox 802 1536 860 1598; x_wconf 87' lang='lat' dir='ltr'>olle</span> <span class='ocrx_word' id='word_1_101' title='bbox 884 1537 967 1618; x_wconf 66' lang='lat' dir='ltr'>paene</span> <span class='ocrx_word' id='word_1_102' title='bbox 986 1537 1098 1597; x_wconf 88' lang='lat' dir='ltr'>nihilo:</span> <span class='ocrx_word' id='word_1_103' title='bbox 1128 1538 1227 1616; x_wconf 80' lang='lat' dir='ltr'>divitia</span> 
     </span>
     <span class='ocr_line' id='line_1_17' title="bbox 463 1560 1226 1697; baseline 0 -19"><span class='ocrx_word' id='word_1_104' title='bbox 463 1637 570 1678; x_wconf 86' lang='lat' dir='ltr'>naturae</span> <span class='ocrx_word' id='word_1_105' title='bbox 592 1617 732 1697; x_wconf 85' lang='lat' dir='ltr'>parabiles</span> <span class='ocrx_word' id='word_1_106' title='bbox 756 1560 822 1678; x_wconf 75' lang='lat' dir='ltr'>ele.</span> <span class='ocrx_word' id='word_1_107' title='bbox 852 1616 1015 1678; x_wconf 88' lang='lat' dir='ltr'>Secundum</span> <span class='ocrx_word' id='word_1_108' title='bbox 1045 1635 1145 1678; x_wconf 85' lang='lat' dir='ltr'>autem</span> <span class='ocrx_word' id='word_1_109' title='bbox 1190 1639 1226 1678; x_wconf 90' lang='lat' dir='ltr'>en</span> 
     </span>
     <span class='ocr_line' id='line_1_18' title="bbox 463 1696 1227 1782; baseline -0.005 -25"><span class='ocrx_word' id='word_1_110' title='bbox 463 1699 616 1782; x_wconf 87' lang='lat' dir='ltr'>piditatum</span> <span class='ocrx_word' id='word_1_111' title='bbox 650 1719 704 1760; x_wconf 89' lang='lat' dir='ltr'>nec</span> <span class='ocrx_word' id='word_1_112' title='bbox 737 1697 775 1758; x_wconf 85' lang='lat' dir='ltr'>ad</span> <span class='ocrx_word' id='word_1_113' title='bbox 822 1699 972 1759; x_wconf 82' lang='lat' dir='ltr'>oriendum</span> <span class='ocrx_word' id='word_1_114' title='bbox 997 1696 1114 1760; x_wconf 83' lang='lat' dir='ltr'>difficile</span> <span class='ocrx_word' id='word_1_115' title='bbox 1140 1720 1157 1762; x_wconf 93' lang='lat' dir='ltr'>e</span> <span class='ocrx_word' id='word_1_116' title='bbox 1179 1721 1198 1759; x_wconf 88' lang='lat' dir='ltr'>e</span> <span class='ocrx_word' id='word_1_117' title='bbox 1225 1731 1227 1753; x_wconf 67' lang='grc' dir='ltr'>ι</span> 
     </span>
     <span class='ocr_line' id='line_1_19' title="bbox 463 1722 1227 1864; baseline 0 -23"><span class='ocrx_word' id='word_1_118' title='bbox 463 1801 517 1842; x_wconf 89' lang='lat' dir='ltr'>nec</span> <span class='ocrx_word' id='word_1_119' title='bbox 542 1781 615 1844; x_wconf 76' lang='lat' dir='ltr'>veti&gt;</span> <span class='ocrx_word' id='word_1_120' title='bbox 632 1782 670 1842; x_wconf 86' lang='lat' dir='ltr'>ad</span> <span class='ocrx_word' id='word_1_121' title='bbox 688 1722 854 1842; x_wconf 78' lang='lat' dir='ltr'>tarendlltn.</span> <span class='ocrx_word' id='word_1_122' title='bbox 881 1780 1016 1852; x_wconf 74' lang='lat' dir='ltr'>Tertiae,</span> <span class='ocrx_word' id='word_1_123' title='bbox 1042 1780 1123 1864; x_wconf 78' lang='lat' dir='ltr'>qubd</span> <span class='ocrx_word' id='word_1_124' title='bbox 1152 1780 1227 1842; x_wconf 87' lang='lat' dir='ltr'>ellen</span> 
     </span>
     <span class='ocr_line' id='line_1_20' title="bbox 461 1860 1227 1944; baseline 0.004 -23"><span class='ocrx_word' id='word_1_125' title='bbox 461 1864 580 1933; x_wconf 88' lang='lat' dir='ltr'>inanes,</span> <span class='ocrx_word' id='word_1_126' title='bbox 614 1881 709 1944; x_wconf 88' lang='lat' dir='ltr'>neque</span> <span class='ocrx_word' id='word_1_127' title='bbox 743 1864 940 1922; x_wconf 83' lang='lat' dir='ltr'>necessitatem</span> <span class='ocrx_word' id='word_1_128' title='bbox 962 1862 1076 1934; x_wconf 74' lang='lat' dir='ltr'>modlt,</span> <span class='ocrx_word' id='word_1_129' title='bbox 1110 1860 1162 1922; x_wconf 86' lang='lat' dir='ltr'>led</span> <span class='ocrx_word' id='word_1_130' title='bbox 1189 1884 1227 1924; x_wconf 85' lang='lat' dir='ltr'>ne</span> 
     </span>
     <span class='ocr_line' id='line_1_21' title="bbox 462 1941 1227 2025; baseline -0.003 -20"><span class='ocrx_word' id='word_1_131' title='bbox 462 1965 523 2006; x_wconf 84' lang='lat' dir='ltr'>tarn</span> <span class='ocrx_word' id='word_1_132' title='bbox 545 1943 661 2022; x_wconf 83' lang='lat' dir='ltr'>quidem</span> <span class='ocrx_word' id='word_1_133' title='bbox 692 1941 889 2025; x_wconf 76' lang='lat' dir='ltr'>attingerent,</span> <span class='ocrx_word' id='word_1_134' title='bbox 915 1941 1048 2004; x_wconf 81' lang='lat' dir='ltr'>lundirus</span> <span class='ocrx_word' id='word_1_135' title='bbox 1076 1941 1227 2019; x_wconf 71' lang='lat' dir='ltr'>ejicienda:</span> 
     </span>
     <span class='ocr_line' id='line_1_22' title="bbox 460 2023 1219 2105; baseline -0.003 -19"><span class='ocrx_word' id='word_1_136' title='bbox 460 2028 515 2088; x_wconf 81' lang='lat' dir='ltr'>vit.</span> <span class='ocrx_word' id='word_1_137' title='bbox 536 2025 604 2086; x_wconf 88' lang='lat' dir='ltr'>Hoc</span> <span class='ocrx_word' id='word_1_138' title='bbox 624 2023 800 2088; x_wconf 74' lang='lat' dir='ltr'>loconutta</span> <span class='ocrx_word' id='word_1_139' title='bbox 809 2026 847 2086; x_wconf 91' lang='lat' dir='ltr'>ab</span> <span class='ocrx_word' id='word_1_140' title='bbox 858 2023 1007 2102; x_wconf 83' lang='lat' dir='ltr'>Epicureis</span> <span class='ocrx_word' id='word_1_141' title='bbox 1020 2023 1219 2105; x_wconf 83' lang='lat' dir='ltr'>disputantur,</span> 
     </span>
     <span class='ocr_line' id='line_1_23' title="bbox 461 2107 1208 2201; baseline -0.001 -33"><span class='ocrx_word' id='word_1_142' title='bbox 461 2107 627 2188; x_wconf 83' lang='lat' dir='ltr'>voluptates</span> <span class='ocrx_word' id='word_1_143' title='bbox 653 2107 816 2190; x_wconf 79' lang='lat' dir='ltr'>singillatim</span> <span class='ocrx_word' id='word_1_144' title='bbox 843 2124 1032 2168; x_wconf 87' lang='lat' dir='ltr'>extenuantur</span> <span class='ocrx_word' id='word_1_145' title='bbox 1049 2126 1065 2201; x_wconf 72' lang='lat'>:⁸</span> <span class='ocrx_word' id='word_1_146' title='bbox 1086 2126 1208 2188; x_wconf 89' lang='lat' dir='ltr'>quarum</span> 
     </span>
    </p>
   </div>
   <div class='ocr_carea' id='block_1_2' title="bbox 460 2186 1224 2275">
    <p class='ocr_par' dir='ltr' id='par_1_4' title="bbox 460 2186 1224 2275">
     <span class='ocr_line' id='line_1_24' title="bbox 460 2186 1224 2275; baseline 0 -27"><span class='ocrx_word' id='word_1_147' title='bbox 460 2209 521 2248; x_wconf 91' lang='lat' dir='ltr'>non</span> <span class='ocrx_word' id='word_1_148' title='bbox 531 2205 740 2275; x_wconf 65' lang='lat' dir='ltr'>contentarum</span> <span class='ocrx_word' id='word_1_149' title='bbox 751 2203 987 2275; x_wconf 74' lang='lat' dir='ltr'>quaerunttanren</span> <span class='ocrx_word' id='word_1_150' title='bbox 1000 2210 1125 2275; x_wconf 76' lang='lat' dir='ltr'>cuprarn.</span> <span class='ocrx_word' id='word_1_151' title='bbox 1136 2186 1224 2275; x_wconf 71' lang='lat' dir='ltr'>Natta</span> 
     </span>
    </p>
   </div>
   <div class='ocr_carea' id='block_1_3' title="bbox 0 0 1414 4267">
    <p class='ocr_par' dir='ltr' id='par_1_5' title="bbox 0 0 1414 4267">
     <span class='ocr_line' id='line_1_25' title="bbox 0 0 1414 4267; baseline 0 6"><span class='ocrx_word' id='word_1_152' title='bbox 0 0 1414 4267; x_wconf 95' lang='lat' dir='ltr'> </span> 
     </span>
    </p>
   </div>
  </div>
 </body>
</html>
