<?xml version="1.0" encoding="UTF-8"?>
<!DOCTYPE html PUBLIC "-//W3C//DTD XHTML 1.0 Transitional//EN"
    "http://www.w3.org/TR/xhtml1/DTD/xhtml1-transitional.dtd">
<html xmlns="http://www.w3.org/1999/xhtml" xml:lang="en" lang="en">
 <head>
  <title>
</title>
<meta http-equiv="Content-Type" content="text/html;charset=utf-8" />
  <meta name='ocr-system' content='tesseract 3.04.00' />
  <meta name='ocr-capabilities' content='ocr_page ocr_carea ocr_par ocr_line ocrx_word'/>
</head>
<body>
  <div class='ocr_page' id='page_1' title='image "./selectaoperaphi00cicegoog_0191.png"; bbox 0 0 2817 4267; ppageno 0'>
   <div class='ocr_carea' id='block_1_1' title="bbox 257 401 1142 598">
    <p class='ocr_par' dir='ltr' id='par_1_1' title="bbox 257 401 1142 598">
     <span class='ocr_line' id='line_1_1' title="bbox 512 401 1141 492; baseline 0.002 -23"><span class='ocrx_word' id='word_1_1' title='bbox 512 401 583 469; x_wconf 75' lang='lat' dir='ltr'><strong>Dr.</strong></span> <span class='ocrx_word' id='word_1_2' title='bbox 618 407 877 471; x_wconf 67' lang='lat' dir='ltr'><strong>Anttcrrttt</strong></span> <span class='ocrx_word' id='word_1_3' title='bbox 1034 483 1037 492; x_wconf 32' lang='grc' dir='ltr'>Ι</span> <span class='ocrx_word' id='word_1_4' title='bbox 1083 421 1141 491; x_wconf 77' lang='lat'><strong>199</strong></span> 
     </span>
     <span class='ocr_line' id='line_1_2' title="bbox 257 505 1142 598; baseline 0.001 -23"><span class='ocrx_word' id='word_1_5' title='bbox 257 505 280 575; x_wconf 89' lang='lat' dir='ltr'><strong>ld</strong></span> <span class='ocrx_word' id='word_1_6' title='bbox 297 513 420 597; x_wconf 82' lang='lat' dir='ltr'><strong>quidem</strong></span> <span class='ocrx_word' id='word_1_7' title='bbox 442 509 514 585; x_wconf 81' lang='lat' dir='ltr'><strong>fuit,</strong></span> <span class='ocrx_word' id='word_1_8' title='bbox 543 511 677 593; x_wconf 85' lang='lat' dir='ltr'><strong>justitiam</strong></span> <span class='ocrx_word' id='word_1_9' title='bbox 698 511 857 598; x_wconf 78' lang='lat' dir='ltr'><strong>justissitpo</strong></span> <span class='ocrx_word' id='word_1_10' title='bbox 885 513 952 588; x_wconf 72' lang='lat' dir='ltr'><strong>nito</strong></span> <span class='ocrx_word' id='word_1_11' title='bbox 970 507 1142 576; x_wconf 76' lang='lat' dir='ltr'>defendere.</span> 
     </span>
    </p>
   </div>
   <div class='ocr_carea' id='block_1_2' title="bbox 238 593 1172 3339">
    <p class='ocr_par' dir='ltr' id='par_1_2' title="bbox 256 593 1141 838">
     <span class='ocr_line' id='line_1_3' title="bbox 257 593 1141 675; baseline 0.001 -20"><span class='ocrx_word' id='word_1_12' title='bbox 257 595 427 658; x_wconf 66' lang='lat' dir='ltr'><strong>Servon.</strong></span> <span class='ocrx_word' id='word_1_13' title='bbox 448 594 533 674; x_wconf 87' lang='lat' dir='ltr'><strong>Quid</strong></span> <span class='ocrx_word' id='word_1_14' title='bbox 551 596 728 655; x_wconf 82' lang='lat' dir='ltr'><strong>amicitiam?</strong></span> <span class='ocrx_word' id='word_1_15' title='bbox 746 615 844 655; x_wconf 87' lang='lat' dir='ltr'><strong>nonne</strong></span> <span class='ocrx_word' id='word_1_16' title='bbox 860 593 946 654; x_wconf 81' lang='lat' dir='ltr'><strong>facile</strong></span> <span class='ocrx_word' id='word_1_17' title='bbox 956 597 1007 667; x_wconf 91' lang='lat' dir='ltr'><strong>ei,</strong></span> <span class='ocrx_word' id='word_1_18' title='bbox 1031 597 1079 675; x_wconf 92' lang='lat' dir='ltr'><strong>qui</strong></span> <span class='ocrx_word' id='word_1_19' title='bbox 1098 597 1141 656; x_wconf 77' lang='lat' dir='ltr'><strong>ot</strong></span> 
     </span>
     <span class='ocr_line' id='line_1_4' title="bbox 257 673 1140 757; baseline 0 -21"><span class='ocrx_word' id='word_1_20' title='bbox 257 693 313 736; x_wconf 79' lang='lat' dir='ltr'><strong>eant</strong></span> <span class='ocrx_word' id='word_1_21' title='bbox 335 675 451 738; x_wconf 77' lang='lat' dir='ltr'><strong>summa</strong></span> <span class='ocrx_word' id='word_1_22' title='bbox 475 674 557 750; x_wconf 80' lang='lat' dir='ltr'><strong>fide,</strong></span> <span class='ocrx_word' id='word_1_23' title='bbox 581 675 757 749; x_wconf 69' lang='lat' dir='ltr'><strong>constantii,</strong></span> <span class='ocrx_word' id='word_1_24' title='bbox 786 673 950 757; x_wconf 66' lang='lat' dir='ltr'><strong>justitiaque</strong></span> <span class='ocrx_word' id='word_1_25' title='bbox 973 674 1140 748; x_wconf 84' lang='lat' dir='ltr'><strong>servatam,</strong></span> 
     </span>
     <span class='ocr_line' id='line_1_5' title="bbox 256 757 700 838; baseline 0.002 -23"><span class='ocrx_word' id='word_1_26' title='bbox 256 759 410 817; x_wconf 81' lang='lat' dir='ltr'><strong>maximam</strong></span> <span class='ocrx_word' id='word_1_27' title='bbox 431 757 553 837; x_wconf 81' lang='lat' dir='ltr'><strong>gloriam</strong></span> <span class='ocrx_word' id='word_1_28' title='bbox 571 758 700 838; x_wconf 76' lang='lat' dir='ltr'>ceperit?</span> 
     </span>
    </p>

    <p class='ocr_par' dir='ltr' id='par_1_3' title="bbox 247 834 1172 2451">
     <span class='ocr_line' id='line_1_6' title="bbox 291 834 1139 920; baseline 0.002 -24"><span class='ocrx_word' id='word_1_29' title='bbox 291 836 375 898; x_wconf 92' lang='lat' dir='ltr'><strong>Vlll.</strong></span> <span class='ocrx_word' id='word_1_30' title='bbox 397 838 536 898; x_wconf 65' lang='lat' dir='ltr'><strong>Laeuus</strong></span> <span class='ocrx_word' id='word_1_31' title='bbox 557 836 626 897; x_wconf 82' lang='lat' dir='ltr'><strong>Vini</strong></span> <span class='ocrx_word' id='word_1_32' title='bbox 644 837 700 896; x_wconf 90' lang='lat' dir='ltr'><strong>ltoc</strong></span> <span class='ocrx_word' id='word_1_33' title='bbox 721 836 840 917; x_wconf 89' lang='lat' dir='ltr'><strong>quidem</strong></span> <span class='ocrx_word' id='word_1_34' title='bbox 857 834 900 896; x_wconf 89' lang='lat' dir='ltr'><strong>est</strong></span> <span class='ocrx_word' id='word_1_35' title='bbox 919 834 1043 898; x_wconf 81' lang='lat' dir='ltr'><strong>afferret</strong></span> <span class='ocrx_word' id='word_1_36' title='bbox 1066 837 1139 920; x_wconf 89' lang='lat' dir='ltr'><strong>quid</strong></span> 
     </span>
     <span class='ocr_line' id='line_1_7' title="bbox 259 899 1138 999; baseline 0.001 -22"><span class='ocrx_word' id='word_1_37' title='bbox 259 920 329 979; x_wconf 78' lang='lat' dir='ltr'><strong>enim</strong></span> <span class='ocrx_word' id='word_1_38' title='bbox 348 917 458 992; x_wconf 87' lang='lat' dir='ltr'><strong>refert,</strong></span> <span class='ocrx_word' id='word_1_39' title='bbox 487 899 612 998; x_wconf 65' lang='lat' dir='ltr'><strong>quOnre</strong></span> <span class='ocrx_word' id='word_1_40' title='bbox 629 920 741 977; x_wconf 88' lang='lat' dir='ltr'><strong>tatione</strong></span> <span class='ocrx_word' id='word_1_41' title='bbox 759 918 893 997; x_wconf 80' lang='lat' dir='ltr'><strong>cogatis?</strong></span> <span class='ocrx_word' id='word_1_42' title='bbox 916 920 1018 999; x_wconf 77' lang='lat' dir='ltr'><strong>cogitis</strong></span> <span class='ocrx_word' id='word_1_43' title='bbox 1037 920 1138 979; x_wconf 69' lang='lat' dir='ltr'><strong>certet</strong></span> 
     </span>
     <span class='ocr_line' id='line_1_8' title="bbox 259 996 1138 1081; baseline 0.001 -23"><span class='ocrx_word' id='word_1_44' title='bbox 259 997 350 1060; x_wconf 75' lang='lat' dir='ltr'><strong>studiis</strong></span> <span class='ocrx_word' id='word_1_45' title='bbox 364 1002 444 1060; x_wconf 85' lang='lat' dir='ltr'><strong>eninr</strong></span> <span class='ocrx_word' id='word_1_46' title='bbox 462 1017 652 1080; x_wconf 86' lang='lat' dir='ltr'><strong>generorum,</strong></span> <span class='ocrx_word' id='word_1_47' title='bbox 669 996 824 1079; x_wconf 72' lang='lat' dir='ltr'><strong>prasertim</strong></span> <span class='ocrx_word' id='word_1_48' title='bbox 837 1002 865 1056; x_wconf 90' lang='lat' dir='ltr'><strong>in</strong></span> <span class='ocrx_word' id='word_1_49' title='bbox 878 1017 910 1058; x_wconf 86' lang='lat' dir='ltr'><strong>te</strong></span> <span class='ocrx_word' id='word_1_50' title='bbox 925 999 1024 1070; x_wconf 88' lang='lat' dir='ltr'><strong>bona,</strong></span> <span class='ocrx_word' id='word_1_51' title='bbox 1044 1019 1138 1081; x_wconf 84' lang='lat' dir='ltr'><strong>quum</strong></span> 
     </span>
     <span class='ocr_line' id='line_1_9' title="bbox 259 1077 1172 1161; baseline 0.002 -24"><span class='ocrx_word' id='word_1_52' title='bbox 259 1077 370 1142; x_wconf 76' lang='lat' dir='ltr'><strong>difficile</strong></span> <span class='ocrx_word' id='word_1_53' title='bbox 390 1078 453 1148; x_wconf 86' lang='lat' dir='ltr'><strong>est,</strong></span> <span class='ocrx_word' id='word_1_54' title='bbox 472 1097 533 1139; x_wconf 85' lang='lat' dir='ltr'><strong>tunt</strong></span> <span class='ocrx_word' id='word_1_55' title='bbox 552 1099 589 1140; x_wconf 89' lang='lat' dir='ltr'><strong>ne</strong></span> <span class='ocrx_word' id='word_1_56' title='bbox 609 1099 725 1160; x_wconf 76' lang='lat' dir='ltr'><strong>equum</strong></span> <span class='ocrx_word' id='word_1_57' title='bbox 735 1077 885 1161; x_wconf 72' lang='lat' dir='ltr'><strong>quidem,</strong></span> <span class='ocrx_word' id='word_1_58' title='bbox 905 1077 1055 1139; x_wconf 82' lang='lat' dir='ltr'><strong>obsistere.</strong></span> <span class='ocrx_word' id='word_1_59' title='bbox 1077 1078 1137 1140; x_wconf 70' lang='lat' dir='ltr'><strong>Sar·</strong></span> <span class='ocrx_word' id='word_1_60' title='bbox 1164 1131 1172 1148; x_wconf 65' lang='grc'><strong>.,</strong></span> 
     </span>
     <span class='ocr_line' id='line_1_10' title="bbox 260 1161 1139 1241; baseline 0.001 -21"><span class='ocrx_word' id='word_1_61' title='bbox 260 1161 370 1238; x_wconf 82' lang='lat' dir='ltr'><strong>pissime</strong></span> <span class='ocrx_word' id='word_1_62' title='bbox 380 1161 473 1241; x_wconf 84' lang='lat' dir='ltr'><strong>igitur</strong></span> <span class='ocrx_word' id='word_1_63' title='bbox 484 1162 555 1219; x_wconf 89' lang='lat' dir='ltr'><strong>milti</strong></span> <span class='ocrx_word' id='word_1_64' title='bbox 569 1161 607 1220; x_wconf 90' lang='lat' dir='ltr'><strong>de</strong></span> <span class='ocrx_word' id='word_1_65' title='bbox 622 1162 747 1221; x_wconf 88' lang='lat' dir='ltr'><strong>amicitia</strong></span> <span class='ocrx_word' id='word_1_66' title='bbox 761 1161 897 1241; x_wconf 81' lang='lat' dir='ltr'><strong>cogitanti</strong></span> <span class='ocrx_word' id='word_1_67' title='bbox 909 1205 918 1234; x_wconf 88' lang='lat'><strong>,</strong></span> <span class='ocrx_word' id='word_1_68' title='bbox 929 1161 1054 1220; x_wconf 69' lang='lat' dir='ltr'><strong>maxime</strong></span> <span class='ocrx_word' id='word_1_69' title='bbox 1067 1161 1139 1221; x_wconf 83' lang='lat' dir='ltr'><strong>illud</strong></span> 
     </span>
     <span class='ocr_line' id='line_1_11' title="bbox 259 1240 1139 1320; baseline 0.001 -22"><span class='ocrx_word' id='word_1_70' title='bbox 259 1241 497 1301; x_wconf 81' lang='lat' dir='ltr'><strong>considerandum</strong></span> <span class='ocrx_word' id='word_1_71' title='bbox 518 1241 612 1302; x_wconf 86' lang='lat' dir='ltr'><strong>videti</strong></span> <span class='ocrx_word' id='word_1_72' title='bbox 625 1240 716 1309; x_wconf 81' lang='lat' dir='ltr'><strong>solet,</strong></span> <span class='ocrx_word' id='word_1_73' title='bbox 729 1241 804 1300; x_wconf 83' lang='lat' dir='ltr'><strong>irum</strong></span> <span class='ocrx_word' id='word_1_74' title='bbox 822 1257 942 1320; x_wconf 88' lang='lat' dir='ltr'><strong>propter</strong></span> <span class='ocrx_word' id='word_1_75' title='bbox 958 1241 1139 1302; x_wconf 85' lang='lat' dir='ltr'><strong>imbecillita-</strong></span> 
     </span>
     <span class='ocr_line' id='line_1_12' title="bbox 262 1322 1137 1404; baseline 0.003 -27"><span class='ocrx_word' id='word_1_76' title='bbox 262 1335 310 1382; x_wconf 84' lang='lat' dir='ltr'><strong>tem</strong></span> <span class='ocrx_word' id='word_1_77' title='bbox 329 1341 419 1404; x_wconf 88' lang='lat' dir='ltr'><strong>atque</strong></span> <span class='ocrx_word' id='word_1_78' title='bbox 438 1323 568 1401; x_wconf 79' lang='lat' dir='ltr'><strong>inopiam</strong></span> <span class='ocrx_word' id='word_1_79' title='bbox 589 1322 750 1382; x_wconf 87' lang='lat' dir='ltr'><strong>desiderata</strong></span> <span class='ocrx_word' id='word_1_80' title='bbox 771 1323 809 1381; x_wconf 92' lang='lat' dir='ltr'><strong>sit</strong></span> <span class='ocrx_word' id='word_1_81' title='bbox 826 1324 968 1394; x_wconf 86' lang='lat' dir='ltr'><strong>amicitia;</strong></span> <span class='ocrx_word' id='word_1_82' title='bbox 987 1339 1018 1379; x_wconf 92' lang='lat' dir='ltr'><strong>ut</strong></span> <span class='ocrx_word' id='word_1_83' title='bbox 1035 1322 1137 1380; x_wconf 87' lang='lat' dir='ltr'><strong>dandis</strong></span> 
     </span>
     <span class='ocr_line' id='line_1_13' title="bbox 262 1399 1138 1485; baseline 0.005 -27"><span class='ocrx_word' id='word_1_84' title='bbox 262 1406 309 1462; x_wconf 82' lang='lat' dir='ltr'><strong>teci</strong></span> <span class='ocrx_word' id='word_1_85' title='bbox 331 1402 485 1485; x_wconf 90' lang='lat' dir='ltr'><strong>iendisque</strong></span> <span class='ocrx_word' id='word_1_86' title='bbox 496 1404 625 1474; x_wconf 87' lang='lat' dir='ltr'><strong>meritis,</strong></span> <span class='ocrx_word' id='word_1_87' title='bbox 636 1403 716 1485; x_wconf 91' lang='lat' dir='ltr'><strong>quod</strong></span> <span class='ocrx_word' id='word_1_88' title='bbox 727 1400 847 1484; x_wconf 86' lang='lat' dir='ltr'><strong>quisque</strong></span> <span class='ocrx_word' id='word_1_89' title='bbox 864 1403 958 1462; x_wconf 82' lang='lat' dir='ltr'><strong>minlrs</strong></span> <span class='ocrx_word' id='word_1_90' title='bbox 971 1421 1023 1481; x_wconf 88' lang='lat' dir='ltr'><strong>per</strong></span> <span class='ocrx_word' id='word_1_91' title='bbox 1035 1399 1062 1459; x_wconf 91' lang='lat' dir='ltr'><strong>se</strong></span> <span class='ocrx_word' id='word_1_92' title='bbox 1077 1400 1138 1482; x_wconf 82' lang='lat' dir='ltr'><strong>ipse</strong></span> 
     </span>
     <span class='ocr_line' id='line_1_14' title="bbox 261 1482 1136 1563; baseline 0.001 -20"><span class='ocrx_word' id='word_1_93' title='bbox 261 1499 291 1559; x_wconf 85' lang='lat' dir='ltr'><strong>po</strong></span> <span class='ocrx_word' id='word_1_94' title='bbox 330 1502 361 1555; x_wconf 95' lang='lat' dir='ltr'><strong>t,</strong></span> <span class='ocrx_word' id='word_1_95' title='bbox 389 1484 422 1544; x_wconf 89' lang='lat' dir='ltr'><strong>id</strong></span> <span class='ocrx_word' id='word_1_96' title='bbox 444 1486 588 1563; x_wconf 84' lang='lat' dir='ltr'><strong>acciperet</strong></span> <span class='ocrx_word' id='word_1_97' title='bbox 608 1485 645 1544; x_wconf 88' lang='lat' dir='ltr'><strong>ab</strong></span> <span class='ocrx_word' id='word_1_98' title='bbox 669 1485 746 1554; x_wconf 85' lang='lat' dir='ltr'><strong>alio,</strong></span> <span class='ocrx_word' id='word_1_99' title='bbox 769 1484 955 1562; x_wconf 79' lang='lat' dir='ltr'><strong>vicissimque</strong></span> <span class='ocrx_word' id='word_1_100' title='bbox 977 1482 1136 1544; x_wconf 77' lang='lat' dir='ltr'><strong>redderent</strong></span> 
     </span>
     <span class='ocr_line' id='line_1_15' title="bbox 260 1562 1139 1644; baseline 0.002 -22"><span class='ocrx_word' id='word_1_101' title='bbox 260 1579 287 1622; x_wconf 85' lang='lat' dir='ltr'><strong>tn</strong></span> <span class='ocrx_word' id='word_1_102' title='bbox 310 1563 382 1626; x_wconf 83' lang='lat' dir='ltr'><strong>effet</strong></span> <span class='ocrx_word' id='word_1_103' title='bbox 408 1565 465 1624; x_wconf 90' lang='lat' dir='ltr'><strong>hoc</strong></span> <span class='ocrx_word' id='word_1_104' title='bbox 493 1564 609 1642; x_wconf 85' lang='lat' dir='ltr'><strong>quidem</strong></span> <span class='ocrx_word' id='word_1_105' title='bbox 634 1566 784 1644; x_wconf 85' lang='lat' dir='ltr'><strong>proprium</strong></span> <span class='ocrx_word' id='word_1_106' title='bbox 805 1565 956 1638; x_wconf 76' lang='lat' dir='ltr'><strong>amicitiae3</strong></span> <span class='ocrx_word' id='word_1_107' title='bbox 987 1562 1139 1625; x_wconf 81' lang='lat' dir='ltr'><strong>sed&#39;anti·</strong></span> 
     </span>
     <span class='ocr_line' id='line_1_16' title="bbox 260 1642 1135 1726; baseline 0.007 -24"><span class='ocrx_word' id='word_1_108' title='bbox 260 1645 351 1722; x_wconf 73' lang='lat' dir='ltr'><strong>quior,</strong></span> <span class='ocrx_word' id='word_1_109' title='bbox 375 1643 409 1704; x_wconf 77' lang='lat' dir='ltr'><strong>Bt</strong></span> <span class='ocrx_word' id='word_1_110' title='bbox 430 1643 595 1724; x_wconf 83' lang='lat' dir='ltr'><strong>pulchrior,</strong></span> <span class='ocrx_word' id='word_1_111' title='bbox 617 1647 649 1706; x_wconf 83' lang='lat' dir='ltr'><strong>dt</strong></span> <span class='ocrx_word' id='word_1_112' title='bbox 668 1646 759 1724; x_wconf 89' lang='lat' dir='ltr'><strong>magis</strong></span> <span class='ocrx_word' id='word_1_113' title='bbox 776 1665 793 1703; x_wconf 87' lang='lat' dir='ltr'><strong>a</strong></span> <span class='ocrx_word' id='word_1_114' title='bbox 813 1662 912 1705; x_wconf 82' lang='lat' dir='ltr'><strong>natura</strong></span> <span class='ocrx_word' id='word_1_115' title='bbox 928 1642 988 1726; x_wconf 81' lang='lat' dir='ltr'><strong>ipsa</strong></span> <span class='ocrx_word' id='word_1_116' title='bbox 1006 1645 1135 1726; x_wconf 67' lang='lat' dir='ltr'><strong>profeda</strong></span> 
     </span>
     <span class='ocr_line' id='line_1_17' title="bbox 256 1723 1135 1807; baseline 0.005 -26"><span class='ocrx_word' id='word_1_117' title='bbox 256 1725 301 1784; x_wconf 83' lang='lat' dir='ltr'><strong>alia</strong></span> <span class='ocrx_word' id='word_1_118' title='bbox 317 1723 417 1786; x_wconf 83' lang='lat' dir='ltr'><strong>causa:</strong></span> <span class='ocrx_word' id='word_1_119' title='bbox 441 1743 452 1782; x_wconf 91' lang='lat' dir='ltr'><strong>t</strong></span> <span class='ocrx_word' id='word_1_120' title='bbox 470 1746 553 1784; x_wconf 81' lang='lat' dir='ltr'><strong>antor</strong></span> <span class='ocrx_word' id='word_1_121' title='bbox 570 1727 645 1783; x_wconf 89' lang='lat' dir='ltr'><strong>eninr</strong></span> <span class='ocrx_word' id='word_1_122' title='bbox 664 1724 725 1805; x_wconf 67' lang='lat' dir='ltr'><strong>(ei</strong></span> <span class='ocrx_word' id='word_1_123' title='bbox 742 1746 801 1806; x_wconf 92' lang='lat' dir='ltr'><strong>quo</strong></span> <span class='ocrx_word' id='word_1_124' title='bbox 821 1728 945 1785; x_wconf 88' lang='lat' dir='ltr'><strong>amicitia</strong></span> <span class='ocrx_word' id='word_1_125' title='bbox 962 1727 1135 1807; x_wconf 79' lang='lat' dir='ltr'><strong>nominata)</strong></span> 
     </span>
     <span class='ocr_line' id='line_1_18' title="bbox 256 1803 1135 1886; baseline 0.003 -23"><span class='ocrx_word' id='word_1_126' title='bbox 256 1807 385 1886; x_wconf 84' lang='lat' dir='ltr'><strong>princeps</strong></span> <span class='ocrx_word' id='word_1_127' title='bbox 414 1803 456 1865; x_wconf 85' lang='lat' dir='ltr'><strong>est</strong></span> <span class='ocrx_word' id='word_1_128' title='bbox 476 1807 512 1864; x_wconf 81' lang='lat' dir='ltr'><strong>ad</strong></span> <span class='ocrx_word' id='word_1_129' title='bbox 529 1806 764 1865; x_wconf 68' lang='lat' dir='ltr'><strong>benevolentiam</strong></span> <span class='ocrx_word' id='word_1_130' title='bbox 786 1805 1016 1886; x_wconf 84' lang='lat' dir='ltr'><strong>conjungendam</strong></span> <span class='ocrx_word' id='word_1_131' title='bbox 1033 1829 1046 1866; x_wconf 87' lang='lat'><strong>:-</strong></span> <span class='ocrx_word' id='word_1_132' title='bbox 1066 1825 1135 1866; x_wconf 86' lang='lat' dir='ltr'><strong>nant</strong></span> 
     </span>
     <span class='ocr_line' id='line_1_19' title="bbox 255 1884 1133 1967; baseline -0.001 -21"><span class='ocrx_word' id='word_1_133' title='bbox 255 1887 389 1947; x_wconf 80' lang='lat' dir='ltr'><strong>utilitates</strong></span> <span class='ocrx_word' id='word_1_134' title='bbox 410 1887 529 1966; x_wconf 88' lang='lat' dir='ltr'><strong>quidem</strong></span> <span class='ocrx_word' id='word_1_135' title='bbox 542 1888 629 1945; x_wconf 89' lang='lat' dir='ltr'><strong>etiam</strong></span> <span class='ocrx_word' id='word_1_136' title='bbox 650 1887 687 1945; x_wconf 89' lang='lat' dir='ltr'><strong>ab</strong></span> <span class='ocrx_word' id='word_1_137' title='bbox 704 1888 736 1945; x_wconf 92' lang='lat' dir='ltr'><strong>iis</strong></span> <span class='ocrx_word' id='word_1_138' title='bbox 756 1888 954 1967; x_wconf 87' lang='lat' dir='ltr'><strong>percipiuntur</strong></span> <span class='ocrx_word' id='word_1_139' title='bbox 966 1884 1062 1965; x_wconf 77' lang='lat' dir='ltr'><strong>saepe,</strong></span> <span class='ocrx_word' id='word_1_140' title='bbox 1083 1890 1133 1965; x_wconf 88' lang='lat' dir='ltr'><strong>qul</strong></span> 
     </span>
     <span class='ocr_line' id='line_1_20' title="bbox 252 1965 1136 2027; baseline 0 -2"><span class='ocrx_word' id='word_1_141' title='bbox 252 1967 433 2027; x_wconf 79' lang='lat' dir='ltr'><strong>simulatione</strong></span> <span class='ocrx_word' id='word_1_142' title='bbox 443 1965 716 2027; x_wconf 84' lang='lat' dir='ltr'><strong>amicitiaecoluntur</strong></span> <span class='ocrx_word' id='word_1_143' title='bbox 725 1969 755 2027; x_wconf 79' lang='lat' dir='ltr'><strong>dt</strong></span> <span class='ocrx_word' id='word_1_144' title='bbox 769 1965 1051 2026; x_wconf 74' lang='lat' dir='ltr'><strong>observantarcauad</strong></span> <span class='ocrx_word' id='word_1_145' title='bbox 1061 1983 1136 2025; x_wconf 79' lang='lat' dir='ltr'><strong>tent·</strong></span> 
     </span>
     <span class='ocr_line' id='line_1_21' title="bbox 250 2045 1135 2125; baseline -0.002 -19"><span class='ocrx_word' id='word_1_146' title='bbox 250 2048 337 2125; x_wconf 90' lang='lat' dir='ltr'><strong>poris.</strong></span> <span class='ocrx_word' id='word_1_147' title='bbox 353 2045 388 2107; x_wconf 92' lang='lat' dir='ltr'><strong>In</strong></span> <span class='ocrx_word' id='word_1_148' title='bbox 399 2048 526 2108; x_wconf 87' lang='lat' dir='ltr'><strong>amicitia</strong></span> <span class='ocrx_word' id='word_1_149' title='bbox 537 2065 633 2107; x_wconf 87' lang='lat' dir='ltr'><strong>antem</strong></span> <span class='ocrx_word' id='word_1_150' title='bbox 649 2049 720 2106; x_wconf 89' lang='lat' dir='ltr'><strong>nihil</strong></span> <span class='ocrx_word' id='word_1_151' title='bbox 731 2045 829 2106; x_wconf 68' lang='lat' dir='ltr'><strong>ficium</strong></span> <span class='ocrx_word' id='word_1_152' title='bbox 841 2093 849 2119; x_wconf 94' lang='lat'>‚</span> <span class='ocrx_word' id='word_1_153' title='bbox 866 2046 937 2105; x_wconf 82' lang='lat' dir='ltr'><strong>nihil</strong></span> <span class='ocrx_word' id='word_1_154' title='bbox 947 2047 1135 2121; x_wconf 79' lang='lat' dir='ltr'><strong>simulatum3</strong></span> 
     </span>
     <span class='ocr_line' id='line_1_22' title="bbox 249 2126 1111 2228; baseline -0.001 -39"><span class='ocrx_word' id='word_1_155' title='bbox 249 2127 280 2189; x_wconf 75' lang='grc' dir='ltr'><strong>δι</strong></span> <span class='ocrx_word' id='word_1_156' title='bbox 289 2171 299 2201; x_wconf 89' lang='grc'><strong><em>,</em></strong></span> <span class='ocrx_word' id='word_1_157' title='bbox 309 2128 455 2210; x_wconf 86' lang='lat' dir='ltr'><strong>quidquid</strong></span> <span class='ocrx_word' id='word_1_158' title='bbox 474 2127 619 2200; x_wconf 70' lang='lat' dir='ltr'><strong>intacti,</strong></span> <span class='ocrx_word' id='word_1_159' title='bbox 640 2129 670 2187; x_wconf 90' lang='lat' dir='ltr'><strong>id</strong></span> <span class='ocrx_word' id='word_1_160' title='bbox 681 2126 725 2188; x_wconf 79' lang='lat' dir='ltr'><strong>est</strong></span> <span class='ocrx_word' id='word_1_161' title='bbox 742 2148 846 2187; x_wconf 80' lang='lat' dir='ltr'><strong>vetum</strong></span> <span class='ocrx_word' id='word_1_162' title='bbox 858 2130 890 2189; x_wconf 77' lang='grc' dir='ltr'><strong>δι</strong></span> <span class='ocrx_word' id='word_1_163' title='bbox 902 2127 1111 2228; x_wconf 72' lang='lat' dir='ltr'><strong>voluntarium.</strong></span> 
     </span>
     <span class='ocr_line' id='line_1_23' title="bbox 248 2207 1134 2372; baseline 0.006 -25"><span class='ocrx_word' id='word_1_164' title='bbox 248 2207 1022 2370; x_wconf 41' lang='lat' dir='ltr'><strong>&amp;tristitiallntll&#39;ldffssllllsr</strong></span> <span class='ocrx_word' id='word_1_165' title='bbox 1039 2221 1134 2372; x_wconf 56' lang='lat' dir='ltr'><strong>,llll</strong></span> 
     </span>
     <span class='ocr_line' id='line_1_24' title="bbox 247 2367 1133 2451; baseline 0.007 -24"><span class='ocrx_word' id='word_1_166' title='bbox 247 2371 333 2428; x_wconf 89' lang='lat' dir='ltr'><strong>animi</strong></span> <span class='ocrx_word' id='word_1_167' title='bbox 349 2389 416 2428; x_wconf 89' lang='lat' dir='ltr'><strong>cum</strong></span> <span class='ocrx_word' id='word_1_168' title='bbox 432 2368 559 2449; x_wconf 87' lang='lat' dir='ltr'><strong>quodam</strong></span> <span class='ocrx_word' id='word_1_169' title='bbox 579 2367 659 2430; x_wconf 87' lang='lat' dir='ltr'><strong>sensu</strong></span> <span class='ocrx_word' id='word_1_170' title='bbox 679 2371 812 2443; x_wconf 84' lang='lat' dir='ltr'><strong>amandi,</strong></span> <span class='ocrx_word' id='word_1_171' title='bbox 832 2372 919 2450; x_wconf 83' lang='lat' dir='ltr'><strong>qualm</strong></span> <span class='ocrx_word' id='word_1_172' title='bbox 935 2375 1133 2451; x_wconf 81' lang='lat' dir='ltr'><strong>cogitatione,</strong></span> 
     </span>
    </p>

    <p class='ocr_par' dir='ltr' id='par_1_4' title="bbox 238 2449 1132 3339">
     <span class='ocr_line' id='line_1_25' title="bbox 268 2449 1132 2533; baseline 0.003 -23"><span class='ocrx_word' id='word_1_173' title='bbox 268 2469 385 2510; x_wconf 86' lang='lat' dir='ltr'><strong>uantum</strong></span> <span class='ocrx_word' id='word_1_174' title='bbox 406 2449 453 2509; x_wconf 88' lang='lat' dir='ltr'><strong>illa</strong></span> <span class='ocrx_word' id='word_1_175' title='bbox 475 2469 521 2509; x_wconf 87' lang='lat' dir='ltr'><strong>res</strong></span> <span class='ocrx_word' id='word_1_176' title='bbox 547 2451 671 2509; x_wconf 74' lang='lat' dir='ltr'><strong>utilitatis</strong></span> <span class='ocrx_word' id='word_1_177' title='bbox 691 2450 763 2512; x_wconf 85' lang='lat' dir='ltr'><strong>ellet</strong></span> <span class='ocrx_word' id='word_1_178' title='bbox 782 2452 923 2512; x_wconf 86' lang='lat' dir='ltr'><strong>habitura.</strong></span> <span class='ocrx_word' id='word_1_179' title='bbox 946 2451 1042 2530; x_wconf 85' lang='lat' dir='ltr'><strong>Quod</strong></span> <span class='ocrx_word' id='word_1_180' title='bbox 1067 2458 1132 2533; x_wconf 86' lang='lat' dir='ltr'><strong>qui·</strong></span> 
     </span>
     <span class='ocr_line' id='line_1_26' title="bbox 248 2469 1132 2611; baseline 0.003 -22"><span class='ocrx_word' id='word_1_181' title='bbox 248 2469 313 2590; x_wconf 80' lang='lat' dir='ltr'><strong>dem</strong></span> <span class='ocrx_word' id='word_1_182' title='bbox 330 2529 418 2611; x_wconf 87' lang='lat' dir='ltr'><strong>quale</strong></span> <span class='ocrx_word' id='word_1_183' title='bbox 428 2532 481 2603; x_wconf 90' lang='lat' dir='ltr'><strong>sit,</strong></span> <span class='ocrx_word' id='word_1_184' title='bbox 499 2532 585 2590; x_wconf 82' lang='lat' dir='ltr'><strong>etiarn</strong></span> <span class='ocrx_word' id='word_1_185' title='bbox 602 2533 634 2593; x_wconf 78' lang='lat' dir='ltr'><strong>¹in</strong></span> <span class='ocrx_word' id='word_1_186' title='bbox 650 2529 747 2592; x_wconf 86' lang='lat' dir='ltr'><strong>bestiis</strong></span> <span class='ocrx_word' id='word_1_187' title='bbox 760 2531 927 2611; x_wconf 83' lang='lat' dir='ltr'><strong>quibusdam</strong></span> <span class='ocrx_word' id='word_1_188' title='bbox 940 2533 1132 2592; x_wconf 80' lang='lat' dir='ltr'><strong>animadverti</strong></span> 
     </span>
     <span class='ocr_line' id='line_1_27' title="bbox 247 2610 1130 2692; baseline 0.005 -23"><span class='ocrx_word' id='word_1_189' title='bbox 247 2610 362 2691; x_wconf 67' lang='lat' dir='ltr'><strong>potest,</strong></span> <span class='ocrx_word' id='word_1_190' title='bbox 393 2632 458 2692; x_wconf 88' lang='lat' dir='ltr'><strong>quae</strong></span> <span class='ocrx_word' id='word_1_191' title='bbox 484 2631 520 2670; x_wconf 81' lang='lat' dir='ltr'><strong>ex</strong></span> <span class='ocrx_word' id='word_1_192' title='bbox 540 2610 568 2671; x_wconf 89' lang='lat' dir='ltr'><strong>se</strong></span> <span class='ocrx_word' id='word_1_193' title='bbox 595 2631 680 2671; x_wconf 84' lang='lat' dir='ltr'><strong>natos</strong></span> <span class='ocrx_word' id='word_1_194' title='bbox 699 2614 739 2671; x_wconf 91' lang='lat' dir='ltr'><strong>ita</strong></span> <span class='ocrx_word' id='word_1_195' title='bbox 762 2627 894 2681; x_wconf 77' lang='lat' dir='ltr'><strong>amanta</strong></span> <span class='ocrx_word' id='word_1_196' title='bbox 920 2613 956 2671; x_wconf 89' lang='lat' dir='ltr'><strong>ad</strong></span> <span class='ocrx_word' id='word_1_197' title='bbox 980 2615 1130 2692; x_wconf 81' lang='lat' dir='ltr'><strong>quoddam</strong></span> 
     </span>
     <span class='ocr_line' id='line_1_28' title="bbox 246 2690 1129 2773; baseline 0.003 -23"><span class='ocrx_word' id='word_1_198' title='bbox 246 2707 382 2773; x_wconf 86' lang='lat' dir='ltr'><strong>tempus,</strong></span> <span class='ocrx_word' id='word_1_199' title='bbox 404 2693 436 2753; x_wconf 76' lang='grc' dir='ltr'><strong>δι</strong></span> <span class='ocrx_word' id='word_1_200' title='bbox 452 2691 489 2750; x_wconf 92' lang='lat' dir='ltr'><strong>ab</strong></span> <span class='ocrx_word' id='word_1_201' title='bbox 501 2693 543 2752; x_wconf 87' lang='lat' dir='ltr'><strong>eis</strong></span> <span class='ocrx_word' id='word_1_202' title='bbox 558 2695 597 2752; x_wconf 86' lang='lat' dir='ltr'><strong>ita</strong></span> <span class='ocrx_word' id='word_1_203' title='bbox 614 2710 762 2762; x_wconf 89' lang='lat' dir='ltr'><strong>amantur,</strong></span> <span class='ocrx_word' id='word_1_204' title='bbox 776 2710 808 2750; x_wconf 91' lang='lat' dir='ltr'><strong>ut</strong></span> <span class='ocrx_word' id='word_1_205' title='bbox 822 2690 905 2751; x_wconf 78' lang='lat' dir='ltr'><strong>facile</strong></span> <span class='ocrx_word' id='word_1_206' title='bbox 924 2711 1021 2761; x_wconf 78' lang='lat' dir='ltr'><strong>earum</strong></span> <span class='ocrx_word' id='word_1_207' title='bbox 1034 2690 1129 2753; x_wconf 83' lang='lat' dir='ltr'><strong>sensus</strong></span> 
     </span>
     <span class='ocr_line' id='line_1_29' title="bbox 244 2771 1131 2853; baseline 0.001 -23"><span class='ocrx_word' id='word_1_208' title='bbox 244 2789 382 2852; x_wconf 81' lang='lat' dir='ltr'><strong>appareat</strong></span> <span class='ocrx_word' id='word_1_209' title='bbox 402 2794 408 2832; x_wconf 93' lang='lat'><strong>:</strong></span> <span class='ocrx_word' id='word_1_210' title='bbox 429 2774 510 2853; x_wconf 93' lang='lat' dir='ltr'><strong>quod</strong></span> <span class='ocrx_word' id='word_1_211' title='bbox 530 2774 558 2831; x_wconf 93' lang='lat' dir='ltr'><strong>in</strong></span> <span class='ocrx_word' id='word_1_212' title='bbox 574 2773 694 2833; x_wconf 83' lang='lat' dir='ltr'><strong>homine</strong></span> <span class='ocrx_word' id='word_1_213' title='bbox 709 2771 801 2832; x_wconf 80' lang='lat' dir='ltr'><strong>multi&gt;</strong></span> <span class='ocrx_word' id='word_1_214' title='bbox 820 2771 861 2833; x_wconf 89' lang='lat' dir='ltr'><strong>ell</strong></span> <span class='ocrx_word' id='word_1_215' title='bbox 878 2773 1055 2832; x_wconf 84' lang='lat' dir='ltr'><strong>evidentius.</strong></span> <span class='ocrx_word' id='word_1_216' title='bbox 1066 2772 1131 2831; x_wconf 83' lang='lat' dir='ltr'><strong>Pri-</strong></span> 
     </span>
     <span class='ocr_line' id='line_1_30' title="bbox 245 2853 1130 2934; baseline 0 -22"><span class='ocrx_word' id='word_1_217' title='bbox 245 2853 323 2913; x_wconf 84' lang='lat' dir='ltr'><strong>tnltm</strong></span> <span class='ocrx_word' id='word_1_218' title='bbox 349 2872 387 2912; x_wconf 84' lang='lat' dir='ltr'><strong>ex</strong></span> <span class='ocrx_word' id='word_1_219' title='bbox 404 2871 440 2912; x_wconf 86' lang='lat' dir='ltr'><strong>ea</strong></span> <span class='ocrx_word' id='word_1_220' title='bbox 463 2856 599 2925; x_wconf 87' lang='lat' dir='ltr'><strong>caritate,</strong></span> <span class='ocrx_word' id='word_1_221' title='bbox 641 2876 685 2914; x_wconf 86' lang='lat' dir='ltr'><strong>uae</strong></span> <span class='ocrx_word' id='word_1_222' title='bbox 706 2853 745 2914; x_wconf 88' lang='lat' dir='ltr'><strong>eli</strong></span> <span class='ocrx_word' id='word_1_223' title='bbox 761 2855 837 2912; x_wconf 85' lang='lat' dir='ltr'><strong>inter</strong></span> <span class='ocrx_word' id='word_1_224' title='bbox 859 2869 943 2914; x_wconf 83' lang='lat' dir='ltr'><strong>natos</strong></span> <span class='ocrx_word' id='word_1_225' title='bbox 965 2855 996 2914; x_wconf 87' lang='lat'>&amp;</span> <span class='ocrx_word' id='word_1_226' title='bbox 1024 2873 1130 2934; x_wconf 83' lang='lat' dir='ltr'><strong>paren·</strong></span> 
     </span>
     <span class='ocr_line' id='line_1_31' title="bbox 243 2878 1129 3017; baseline 0.005 -25"><span class='ocrx_word' id='word_1_227' title='bbox 243 2947 306 3005; x_wconf 82' lang='lat' dir='ltr'><strong>tes3</strong></span> <span class='ocrx_word' id='word_1_228' title='bbox 330 2953 396 3013; x_wconf 83' lang='lat' dir='ltr'><strong>quae</strong></span> <span class='ocrx_word' id='word_1_229' title='bbox 413 2934 529 3008; x_wconf 87' lang='lat' dir='ltr'><strong>dirimi,</strong></span> <span class='ocrx_word' id='word_1_230' title='bbox 549 2937 603 2993; x_wconf 84' lang='lat' dir='ltr'><strong>nisi</strong></span> <span class='ocrx_word' id='word_1_231' title='bbox 621 2878 783 2996; x_wconf 81' lang='lat' dir='ltr'><strong>detestabili</strong></span> <span class='ocrx_word' id='word_1_232' title='bbox 802 2933 927 3008; x_wconf 84' lang='lat' dir='ltr'><strong>scelere,</strong></span> <span class='ocrx_word' id='word_1_233' title='bbox 944 2955 1003 2994; x_wconf 85' lang='lat' dir='ltr'><strong>non</strong></span> <span class='ocrx_word' id='word_1_234' title='bbox 1023 2933 1129 3017; x_wconf 83' lang='lat' dir='ltr'><strong>potest.</strong></span> 
     </span>
     <span class='ocr_line' id='line_1_32' title="bbox 242 3011 1128 3102; baseline 0 -28"><span class='ocrx_word' id='word_1_235' title='bbox 242 3011 384 3085; x_wconf 87' lang='lat' dir='ltr'><strong>Deinde,</strong></span> <span class='ocrx_word' id='word_1_236' title='bbox 406 3034 496 3094; x_wconf 91' lang='lat' dir='ltr'><strong>quum</strong></span> <span class='ocrx_word' id='word_1_237' title='bbox 516 3015 615 3075; x_wconf 85' lang='lat' dir='ltr'><strong>similis</strong></span> <span class='ocrx_word' id='word_1_238' title='bbox 639 3016 734 3077; x_wconf 86' lang='lat' dir='ltr'><strong>sensus</strong></span> <span class='ocrx_word' id='word_1_239' title='bbox 753 3016 862 3085; x_wconf 16' lang='lat' dir='ltr'><strong>,exstitit</strong></span> <span class='ocrx_word' id='word_1_240' title='bbox 880 3017 1056 3102; x_wconf 43' lang='lat' dir='ltr'><strong>&#39;amorisssi</strong></span> <span class='ocrx_word' id='word_1_241' title='bbox 1075 3017 1128 3075; x_wconf 86' lang='lat' dir='ltr'><strong>ali-</strong></span> 
     </span>
     <span class='ocr_line' id='line_1_33' title="bbox 239 3092 1126 3175; baseline 0.001 -20"><span class='ocrx_word' id='word_1_242' title='bbox 239 3092 541 3175; x_wconf 69' lang='lat' dir='ltr'><strong>quemnadlisumus,</strong></span> <span class='ocrx_word' id='word_1_243' title='bbox 561 3095 719 3170; x_wconf 80' lang='lat' dir='ltr'><strong>cujuscum</strong></span> <span class='ocrx_word' id='word_1_244' title='bbox 741 3100 869 3157; x_wconf 89' lang='lat' dir='ltr'><strong>moribus</strong></span> <span class='ocrx_word' id='word_1_245' title='bbox 888 3097 918 3157; x_wconf 74' lang='grc' dir='ltr'><strong>δι</strong></span> <span class='ocrx_word' id='word_1_246' title='bbox 939 3115 1039 3156; x_wconf 88' lang='lat' dir='ltr'><strong>natura</strong></span> <span class='ocrx_word' id='word_1_247' title='bbox 1052 3119 1126 3156; x_wconf 84' lang='lat' dir='ltr'><strong>con·</strong></span> 
     </span>
     <span class='ocr_line' id='line_1_34' title="bbox 239 3177 1127 3260; baseline 0.003 -27"><span class='ocrx_word' id='word_1_248' title='bbox 239 3193 376 3255; x_wconf 87' lang='lat' dir='ltr'><strong>gruamus</strong></span> <span class='ocrx_word' id='word_1_249' title='bbox 389 3177 501 3256; x_wconf 73' lang='lat' dir='ltr'><strong>,quod</strong></span> <span class='ocrx_word' id='word_1_250' title='bbox 523 3178 552 3235; x_wconf 92' lang='lat' dir='ltr'><strong>in</strong></span> <span class='ocrx_word' id='word_1_251' title='bbox 571 3195 608 3236; x_wconf 88' lang='lat' dir='ltr'><strong>eo</strong></span> <span class='ocrx_word' id='word_1_252' title='bbox 627 3179 708 3257; x_wconf 84' lang='lat' dir='ltr'><strong>quasi</strong></span> <span class='ocrx_word' id='word_1_253' title='bbox 726 3177 824 3239; x_wconf 85' lang='lat' dir='ltr'><strong>lumen</strong></span> <span class='ocrx_word' id='word_1_254' title='bbox 841 3178 958 3260; x_wconf 86' lang='lat' dir='ltr'><strong>aliquod</strong></span> <span class='ocrx_word' id='word_1_255' title='bbox 976 3179 1127 3258; x_wconf 84' lang='lat' dir='ltr'><strong>probitatis</strong></span> 
     </span>
     <span class='ocr_line' id='line_1_35' title="bbox 238 3255 775 3339; baseline 0 -20"><span class='ocrx_word' id='word_1_256' title='bbox 238 3258 272 3319; x_wconf 70' lang='lat' dir='ltr'><strong>dt</strong></span> <span class='ocrx_word' id='word_1_257' title='bbox 293 3257 412 3317; x_wconf 84' lang='lat' dir='ltr'><strong>virtutis</strong></span> <span class='ocrx_word' id='word_1_258' title='bbox 429 3255 592 3339; x_wconf 87' lang='lat' dir='ltr'><strong>perspicere</strong></span> <span class='ocrx_word' id='word_1_259' title='bbox 612 3258 775 3319; x_wconf 88' lang='lat' dir='ltr'><strong>videamur.</strong></span> 
     </span>
    </p>
   </div>
   <div class='ocr_carea' id='block_1_3' title="bbox 237 3382 1154 3640">
    <p class='ocr_par' dir='ltr' id='par_1_5' title="bbox 237 3382 1154 3636">
     <span class='ocr_line' id='line_1_36' title="bbox 275 3382 1125 3450; baseline 0.002 -18"><span class='ocrx_word' id='word_1_260' title='bbox 275 3397 286 3432; x_wconf 89' lang='lat' dir='ltr'><strong>t</strong></span> <span class='ocrx_word' id='word_1_261' title='bbox 313 3382 389 3429; x_wconf 80' lang='lat' dir='ltr'><strong>Amor</strong></span> <span class='ocrx_word' id='word_1_262' title='bbox 412 3383 473 3429; x_wconf 82' lang='lat' dir='ltr'><strong>eninr</strong></span> <span class='ocrx_word' id='word_1_263' title='bbox 494 3383 602 3447; x_wconf 81' lang='lat' dir='ltr'><strong>princeps</strong></span> <span class='ocrx_word' id='word_1_264' title='bbox 623 3382 662 3442; x_wconf 75' lang='lat' dir='ltr'><strong>est.</strong></span> <span class='ocrx_word' id='word_1_265' title='bbox 689 3399 693 3409; x_wconf 79' lang='lat'><strong><em>¹</em></strong></span> <span class='ocrx_word' id='word_1_266' title='bbox 730 3382 911 3447; x_wconf 67' lang='lat' dir='ltr'><strong>antiquandam</strong></span> <span class='ocrx_word' id='word_1_267' title='bbox 922 3399 1019 3447; x_wconf 80' lang='lat' dir='ltr'><strong>tempus.</strong></span> <span class='ocrx_word' id='word_1_268' title='bbox 1032 3383 1125 3450; x_wconf 78' lang='lat' dir='ltr'><strong>Quant-</strong></span> 
     </span>
     <span class='ocr_line' id='line_1_37' title="bbox 237 3444 1124 3514; baseline 0.003 -17"><span class='ocrx_word' id='word_1_269' title='bbox 237 3444 335 3498; x_wconf 86' lang='lat' dir='ltr'><strong>l’rirnunr</strong></span> <span class='ocrx_word' id='word_1_270' title='bbox 355 3446 435 3496; x_wconf 87' lang='lat' dir='ltr'><strong>locum</strong></span> <span class='ocrx_word' id='word_1_271' title='bbox 456 3446 548 3499; x_wconf 85' lang='lat' dir='ltr'><strong>obtinet</strong></span> <span class='ocrx_word' id='word_1_272' title='bbox 564 3448 587 3500; x_wconf 84' lang='lat' dir='ltr'><strong>in</strong></span> <span class='ocrx_word' id='word_1_273' title='bbox 606 3449 663 3499; x_wconf 87' lang='lat' dir='ltr'><strong>anri·</strong></span> <span class='ocrx_word' id='word_1_274' title='bbox 698 3446 738 3496; x_wconf 79' lang='lat' dir='ltr'><strong>diu</strong></span> <span class='ocrx_word' id='word_1_275' title='bbox 764 3447 889 3498; x_wconf 83' lang='lat' dir='ltr'><strong>nutritinn&#39;s</strong></span> <span class='ocrx_word' id='word_1_276' title='bbox 913 3447 985 3500; x_wconf 72' lang='lat' dir='ltr'><strong>crunt</strong></span> <span class='ocrx_word' id='word_1_277' title='bbox 1003 3461 1124 3514; x_wconf 82' lang='lat' dir='ltr'><strong>parentant</strong></span> 
     </span>
     <span class='ocr_line' id='line_1_38' title="bbox 237 3509 1154 3636; baseline -0.002 -70"><span class='ocrx_word' id='word_1_278' title='bbox 237 3512 287 3566; x_wconf 90' lang='lat' dir='ltr'><strong>titia</strong></span> <span class='ocrx_word' id='word_1_279' title='bbox 304 3509 462 3567; x_wconf 83' lang='lat' dir='ltr'><strong>concilianda.</strong></span> <span class='ocrx_word' id='word_1_280' title='bbox 584 3553 587 3558; x_wconf 95' lang='lat'>.</span> <span class='ocrx_word' id='word_1_281' title='bbox 697 3510 801 3580; x_wconf 74' lang='lat' dir='ltr'><strong>indigent</strong></span> <span class='ocrx_word' id='word_1_282' title='bbox 816 3513 928 3636; x_wconf 45' lang='lat' dir='ltr'><strong>annilius·</strong></span> <span class='ocrx_word' id='word_1_283' title='bbox 1112 3568 1119 3577; x_wconf 58' lang='lat'>‚</span> <span class='ocrx_word' id='word_1_284' title='bbox 1151 3566 1154 3574; x_wconf 77' lang='grc'>,</span> 
     </span>
    </p>

    <p class='ocr_par' dir='ltr' id='par_1_6' title="bbox 920 3598 1058 3640">
     <span class='ocr_line' id='line_1_39' title="bbox 920 3598 1058 3640; baseline 0.022 -2"><span class='ocrx_word' id='word_1_285' title='bbox 920 3598 951 3640; x_wconf 81' lang='lat' dir='ltr'><strong>tv</strong></span> <span class='ocrx_word' id='word_1_286' title='bbox 1051 3603 1058 3608; x_wconf 88' lang='lat'>·</span> 
     </span>
    </p>
   </div>
   <div class='ocr_carea' id='block_1_4' title="bbox 0 0 1414 4267">
    <p class='ocr_par' dir='ltr' id='par_1_7' title="bbox 0 0 1414 4267">
     <span class='ocr_line' id='line_1_40' title="bbox 0 0 1414 4267; baseline 0 7"><span class='ocrx_word' id='word_1_287' title='bbox 0 0 1414 4267; x_wconf 95' lang='lat' dir='ltr'><strong> </strong></span> 
     </span>
    </p>
   </div>
  </div>
 </body>
</html>
