2817 4267
548 389 810 455 LiarnV.
947 394 951 404 “
1058 389 1188 478 335'

227 496 337 568 cade,
357 496 390 559 dc
405 494 539 574 injuriis,
557 517 625 555 cunr
647 497 801 557 &diurno
822 494 853 556 δι
874 493 1016 559 nodurno
1031 520 1123 563 metu.

232 579 300 662 Age
311 579 413 640 conset
423 577 628 638 Democritum
641 622 650 648 ,
665 580 881 658 Pythagoram,
899 578 1121 663 Anaxagoram,

192 675 299 748 pquae
318 680 423 741 regna,
444 681 514 741 quar
534 679 607 738 opes
627 656 725 717 studiis
746 667 869 730 eorum',
891 660 924 721 δι
949 660 1122 726 deleslatio·

193 753 211 810 ἥ
235 742 321 807 uibus
345 741 529 821 antepones?
559 739 676 800 Etenim
707 760 772 819 quae
796 759 860 820 pars
890 743 1001 820 oppima
1028 742 1069 803 esl
1090 745 1122 806 itt

234 821 374 893 homine,
394 826 424 880 in
443 842 478 882 ea
496 822 584 881 situm
603 819 659 880 elle
670 818 835 880 necelleesl
846 820 918 879 illud
926 823 1030 909 ,lquod
1043 846 1123 905 quae·

233 906 295 972 ris,
320 905 477 983 optimum.
494 900 580 979 Quid
597 900 638 961 est
657 919 754 975 autern
773 901 802 960 in
820 902 959 976 homine,
980 903 1070 986 sagaci
1088 926 1123 968 ac

236 982 318 1051 bona
335 1004 433 1044 mente
446 981 570 1043 melius?
590 980 658 1059 Ejus
676 983 757 1043 bono
778 979 933 1054 fruendum
950 983 996 1044 eil
1019 986 1123 1067 igitur,

237 1068 261 1127 ai
273 1067 351 1126 beati
368 1065 425 1125 elle
436 1065 583 1124 volumus.
593 1062 709 1123 Bonum
727 1079 823 1122 autem
841 1066 945 1122 mentis
960 1063 1000 1125 est
1011 1071 1103 1126 virtus
1114 1088 1123 1128 a

239 1166 310 1228 ergo
328 1147 384 1205 hac
404 1147 515 1205 beatam
543 1147 636 1214 vitam·
656 1144 800 1204 contineri
828 1142 939 1205 necelle
961 1144 1011 1207 esl.
1043 1147 1123 1209 Hinc

240 1231 358 1299 omnia,
379 1226 442 1306 qu'ae
457 1224 592 1306 pulchra,
609 1224 746 1293 honesta,
767 1226 902 1305 praeclara
920 1223 983 1285 sunt
1007 1228 1019 1306 (
1029 1247 1060 1288 ut
1076 1226 1123 1287 su·

242 1328 290 1390 pra
302 1309 380 1379 dixi3
391 1305 439 1367 sed
451 1306 770 1393 dicendoquidemillud
778 1305 1125 1389 pauloubetilrsvidetur)

241 1390 325 1471 plena
347 1390 517 1469 gaudiorum
536 1385 609 1445 sunt.
628 1384 672 1446 Ex
692 1389 839 1467 perpetuis
857 1404 953 1451 autem
975 1388 1125 1469 plenisque

277 1470 353 1529 odiis
373 1470 440 1529 clim
462 1467 643 1548 perspicuum
672 1469 709 1528 sit
736 1470 826 1527 vitam
846 1468 960 1529 beatam
984 1469 1124 1543 existere,

242 1489 366 1611 lduttur
389 1570 420 1609 ut
442 1569 475 1609 ea
495 1547 595 1610 existat
616 1568 652 1607 ex
674 1546 834 1608 honestate.

343 1628 396 1690 lV.
416 1629 493 1700 Sed,
512 1649 548 1689 ne
569 1631 667 1704 verbis
685 1628 779 1690 solum
797 1630 969 1711 attingamus
987 1650 1036 1702 ea,
1060 1645 1126 1718 quae

243 1713 378 1773 volumus
396 1711 567 1780 ostendere,
594 1709 786 1791 proponenda
804 1712 936 1792 quaedam
960 1716 1040 1793 quasi
1059 1736 1127 1775 mo·

243 1791 431 1861 ventiasuot,
449 1813 512 1873 quae
533 1811 587 1849 nos
604 1794 695 1929 magis
719 1790 756 1863 ad
779 1794 996 1872 cognitionem,
1018 1796 1127 1855 intelli·

242 1876 430 1955 gentiamque
447 1890 629 1933 convertant.
674 1891 788 1931 umatur
811 1873 888 1932 enim
908 1874 992 1934 nobis
1008 1877 1127 1956 quidam

242 1952 381 2036 praelians
402 1956 445 2012 vir
459 1956 575 2036 optimis
593 1954 714 2024 artibus,
734 1952 815 2048 isque
833 1954 931 2048 animo
950 1976 1129 2050 parumper,

242 2036 473 2114 &cogitatione
496 2032 629 2114 fingatur.
651 2034 779 2093 Primum
795 2054 919 2116 ¹ingemo
944 2040 1050 2097 eximio
1073 2040 1129 2108 sit,

205 2181 208 2188 ,
243 2113 361 2178 llecelle
387 2113 453 2175 est:
485 2118 573 2174 tardis
594 2116 671 2175 enim
691 2113 834 2174 mentibus
854 2117 945 2177 virtus
967 2116 1130 2180 nonfacild

243 2201 410 2259 comitatur.
441 2194 558 2256 Deinde
579 2198 616 2255 ad
639 2194 866 2276 investigandam
896 2198 1049 2257 veritatem
1074 2200 1131 2259 slu-

245 2278 295 2341 dio
314 2279 445 2338 incitato.
473 2276 516 2338 Ex
532 2298 591 2358 quo
614 2278 750 2355 atriplex
768 2276 818 2337 ille
833 2278 926 2338 animi
952 2276 1039 2339 suetus
1063 2281 1130 2342 exi·

245 2357 300 2424 stet
313 2383 321 2422 :
335 2380 408 2419 unus
426 2360 455 2417 in
473 2360 641 2438 cognitione
656 2357 751 2416 re'rurn
769 2360 897 2437 positus,
908 2360 940 2421 δι
957 2362 986 2418 in
1005 2363 1131 2442 explica·

206 2487 212 2494 .
244 2443 328 2502 tione
355 2456 486 2499 natutae:
510 2440 581 2498 alter
602 2441 632 2498 in
659 2438 855 2518 descriptione
881 2441 1131 2519 expetendarum,

194 2590 197 2598 ¹
245 2519 487 2605 fugiendarumve
505 2540 619 2578 rerum:
636 2520 739 2577 tercius
753 2522 782 2578 in
796 2518 969 2598 judicando,
987 2524 1055 2602 quid
1070 2527 1131 2583 cui·

194 2667 201 2674 ,
247 2624 307 2685 que
326 2603 369 2662 rei
385 2604 423 2661 sit
439 2598 636 2681 consequens,
654 2600 724 2680 quid
744 2619 924 2681 repugnans:
943 2604 971 2659 in
986 2623 1045 2682 quo
1058 2602 1162 2666 inest⁸

248 2685 345 2750 omnia
361 2702 424 2741 tum
442 2680 580 2742 subtilitas
599 2678 769 2751 disserendi,
793 2700 856 2740 tum
878 2683 983 2741 veritas
1002 2683 1132 2760 judican-

248 2766 288 2826 di.
315 2759 391 2842 Qu'o
410 2761 528 2822 tandem
549 2762 634 2842 igitur
654 2761 762 2842 gaudio
785 2758 871 2828 affici,
885 2757 997 2825 neccsse
1019 2763 1060 2824 esl
1089 2764 1134 2825 sa·

249 2849 356 2928 pientia
387 2845 543 2912 animum,
572 2862 639 2902 cum
667 2844 709 2900 his
739 2842 933 2918 habitantem,
960 2845 1134 2923 pernoslan·

250 2945 371 3008 temque
389 2923 485 2983 curis?
503 2924 562 2991 Ut,
583 2926 650 2983 clam
668 2923 757 2981 torius
777 2924 876 2983 mundi
894 2942 991 2982 motus
1010 2947 1137 2986 conver·
1221 2938 1223 2942 ’

250 3007 408 3085 tionesque
440 3005 638 3084 perspexerit,
665 3004 817 3083 sideraque
837 3004 942 3063 viderit
969 3006 1137 3068 innumera·

251 3090 321 3149 bilia
340 3088 419 3147 coelo
444 3086 612 3145 inhaerentia
634 3105 702 3143 cum
725 3084 787 3161 eiua
807 3086 895 3164 ipsius
919 3102 1002 3145 motu
1022 3106 1038 3147 a
1062 3110 1137 3148 con·

252 3190 356 3251 gruere
375 3167 462 3226 certis
478 3164 564 3229 infixa
580 3164 695 3226 sedibus
708 3184 717 3235 ;
731 3164 842 3243 septem
859 3166 912 3225 alia
931 3166 995 3226 suos
1014 3188 1138 3250 quaque

249 3251 354 3313 tenere
373 3246 491 3319 cursus,
520 3245 643 3308 multum
669 3247 746 3310 inter
766 3245 794 3306 se
819 3264 868 3307 aur
888 3244 1058 3325 altitudine,
1090 3267 1140 3312 auc

288 3393 298 3427 r
320 3374 417 3436 Triplex
437 3372 479 3421 ille
502 3374 578 3421 anr'nu'
593 3372 682 3437 fortiis,r
718 3352 1142 3439 Anciemcroyoientqueleretoiler

253 3436 668 3508 nempel'ltyfica,Etltica.Logica.
703 3436 774 3488 'lires
792 3440 895 3489 tenoient
920 3453 947 3490 au
970 3441 1098 3497 firmantem
1114 3444 1142 3499 lt

286 3507 464 3575 acongruere.
481 3501 630 3559 S'accordcr.
640 3502 684 3555 Les
717 3502 855 3555 tournoleut
866 3517 925 3558 avec
940 3503 981 3559 lui.
