2817 4267
452 438 455 441 ¹
575 362 816 432 Littera-I.
969 322 982 360 i
1079 385 1139 449 299

250 489 325 531 tunt.
345 466 428 541 Etsi,
447 467 529 551 quod
548 483 652 549 praeter
664 468 737 530 deos
750 484 835 550 negat
854 466 924 530 scire
941 487 1138 553 quemquam,

247 555 276 612 id
294 552 345 612 scit
359 550 434 632 ipse,
458 569 555 610 utrum
579 554 614 610 sit
634 552 754 612 melius:
776 571 843 611 nam
862 552 934 611 dixit
952 552 1036 612 anre:
1053 553 1137 626 4ied

247 634 329 693 suunt
347 633 437 704 iilud,
457 634 527 691 nihil
545 649 577 692 ut
591 629 734 710 affirmet,
748 651 828 695 tenet
839 634 875 692 ad
885 652 1057 697 extremum.
1071 634 1137 697 Nos

236 724 347 774 ‘aurem
361 733 533 785 teneamus,
544 731 576 774 ut
588 714 658 774 nihil
671 713 837 775 censeamus
849 714 904 775 effe
916 716 1041 790 malurn,
1054 717 1137 798 quod

245 800 282 856 sit
294 796 310 856 ὲ
323 816 423 856 natura
439 797 540 855 datum
562 798 714 857 omnibus:
735 796 996 879 intelligamusque,
1016 801 1040 859 si
1055 818 1135 859 mors

247 879 359 937 maium
372 880 428 949 sir,
445 875 502 937 effe
513 875 717 958 sempiternum
728 880 834 939 malurn
847 899 854 937 :
867 899 934 937 natn
945 882 1014 940 virae
1023 878 1135 941 miserae

246 980 327 1018 rnors
346 957 413 1018 finis
434 957 491 1018 effe
507 960 643 1032 videtur;
664 981 744 1020 rnors
766 963 789 1020 si
804 959 844 1019 est
856 958 972 1027 misera.
993 958 1058 1021 finis
1077 960 1135 1023 eiie

247 1042 343 1100 nulius
364 1038 468 1119 potest.
483 1038 540 1101 Sed
563 1040 632 1121 quid
646 1061 702 1123 ego
718 1039 887 1111 Socratem,
907 1059 955 1102 aut
969 1040 1134 1103 Thetarne·

247 1143 314 1181 nem
338 1120 504 1203 praestantes
518 1124 596 1182 viros
608 1126 722 1183 virtutis
732 1124 764 1186 δι
774 1122 919 1205 sapientiae
931 1122 1039 1205 gioriai,
1053 1143 1134 1191 come

247 1203 405 1263 memoro?
426 1205 492 1263 ciam
513 1204 752 1263 Lacedaemonius
772 1205 908 1286 quidam,
928 1204 1010 1283 cujus
1026 1225 1064 1265 ne
1077 1219 1135 1265 nt>-¹

246 1305 315 1344 rnen
338 1285 459 1365 quidem
478 1286 626 1365 proditum
656 1284 718 1357 est,
743 1304 868 1346 mortem
883 1302 1036 1367 tantopere
1061 1306 1135 1346 eon·

247 1366 417 1446 tempserit,
443 1383 500 1438 ut,
529 1368 595 1427 cittn
617 1368 653 1426 ad
675 1387 739 1426 eam
764 1367 917 1427 duceretur
935 1368 1084 1427 damnatus
1096 1366 1132 1427 ab

246 1446 392 1528 Ephoris‚
411 1449 443 1509 &
458 1447 527 1507 effer
547 1450 630 1509 vultu
652 1448 732 1511 hilari
748 1467 836 1530 arque
852 1449 938 1522 laeto,
961 1446 1133 1529 dixissetque

248 1532 273 1587 ei
299 1531 418 1611 quidam
444 1531 597 1601 inimicus,
621 1531 807 1608 contemnisne
827 1532 897 1612 leges
922 1532 1050 1611 licurgi?
1073 1527 1134 1591 res·

247 1609 403 1689 ponderis,
419 1613 478 1693 Ego
494 1614 557 1672 verd
572 1614 616 1672 illi
631 1615 779 1674 maximam
790 1618 908 1695 gratiam
926 1613 1011 1672 habeo
1020 1656 1030 1684 ‚
1054 1630 1066 1671 1
1083 1612 1133 1693 qui

246 1714 285 1749 me
308 1694 341 1751 ed
355 1694 436 1773 poenci
456 1695 740 1775 multaverit‚”quam
755 1697 814 1772 fine
835 1696 1003 1755 mutuatione
1025 1695 1054 1755 θ’
1069 1697 1131 1775 fine

246 1774 352 1848 versura
367 1773 466 1854 paffem
484 1773 631 1852 diffolvere.
652 1776 683 1836 Ο
702 1780 798 1835 virum
818 1775 918 1856 Sparta
938 1778 1078 1858 dignum!
1099 1792 1132 1837 ut

246 1857 315 1913 mihi
331 1857 472 1937 quidem,
490 1860 539 1936 qui
559 1874 617 1917 tarn
630 1876 736 1935 magno
755 1858 852 1917 animo
874 1856 1133 1926 fuerit‚innocens

244 1936 394 1997 damnatus
414 1937 471 1998 effe
494 1939 639 1999 videatur.
657 1938 760 1999 ‘Tales
789 1937 1012 1998 innumerabiles
1035 1936 1133 1999 nostra

244 2019 345 2078 civitas
366 2021 442 2079 tulit.
461 2019 519 2079 Sed
532 2022 602 2101 quid
622 2021 710 2079 duces
732 2022 765 2081 δι
790 2021 936 2099 principes
957 2018 1133 2094 nominem

244 2100 310 2159 ciun
324 2101 454 2182 legiones
470 2100 574 2161 scribat
589 2099 667 2161 Cato
684 2100 759 2181 saepe
775 2102 883 2162 alacres
901 2102 930 2158 in
948 2120 1015 2175 euin
1031 2099 1133 2161 locum

243 2180 401 2261 prosedas,
421 2182 498 2260 unde
522 2184 665 2243 redituras
686 2181 714 2240 se
736 2203 795 2243 non
821 2180 1046 2241 arbitrarentur?
1066 2179 1131 2242 Pari

240 2266 339 2324 animo
369 2265 583 2325 Lacedaemonii
609 2266 640 2324 in
663 2263 880 2348 ,Thermopylis
902 2264 1130 2327 occiderunttz

240 2346 269 2404 in
295 2368 368 2427 quos
390 2346 576 2421 Simonides,
983 2335 996 2402 i
1067 2389 1071 2396 ·
1129 2368 1133 2373 ·

282 2476 360 2541 Dic,
381 2471 492 2549 hospes,
513 2477 617 2549 Sparta
628 2515 638 2542 ‚
665 2494 716 2531 nos
731 2490 755 2530 te
774 2474 818 2533 liic
841 2475 938 2553 uidrffe
950 2474 1096 2556 jacentes,

270 2556 371 2611 'Dum
384 2554 486 2628 senilis
503 2554 599 2633 patria
624 2553 730 2631 legibus
749 2555 928 2635 elisiquimur.

237 2679 326 2760 Quid
349 2678 397 2738 ille
417 2679 474 2737 dux
494 2677 638 2739 Leonidas
662 2676 754 2737 dicit?
785 2699 798 2759 3
822 2681 929 2761 Pergite
951 2684 1044 2744 animo
1057 2684 1131 2764 forti

243 2763 442 2823 Lacedaemonii
453 2783 466 2834 ,·
498 2763 579 2824 hodie
604 2762 681 2840 apud
710 2757 936 2842 inferastfhrtaffi
956 2768 1134 2832 canabinas.

238 2847 303 2907 Fuit
326 2845 386 2903 haec
407 2865 477 2925 gens
498 2842 599 2913 sortis,
623 2840 694 2901 dum
719 2840 846 2983 churgi
871 2844 950 2927 leges
971 2848 1132 2929 vigebant:

240 2930 256 2987 ὲ
276 2927 378 3006 quibus
397 2928 568 2996 unus,citnt
582 2923 678 2983 Perses
697 2923 735 2983 ito
764 2927 833 2985 isin
847 2927 997 3009 colloquio
1018 2928 1130 2992 dinisset

239 3008 385 3089 glorians,
415 3009 505 3067 Solem
523 3028 577 3087 pra
591 3004 747 3085 jaculorum
769 3008 959 3084 multitudine,
986 3011 1020 3075 δ’,
1034 3014 1130 3094 sagit-

238 3109 326 3151 tatum
339 3114 393 3150 non
407 3092 557 3151 videbitis:
573 3090 605 3149 In
624 3090 718 3148 umbra
737 3090 835 3171 igitur,
859 3093 971 3173 inquit,
986 3095 1130 3175 pugnabi·
1201 3141 1204 3146 -

203 3249 205 3253 ·
272 3234 430 3300 4Scdfi1un
451 3235 523 3296 iilud,
543 3235 593 3286 &a
605 3234 665 3285 iiiais
700 3236 798 3287 amende
814 3251 858 3303 que
878 3235 900 3303 ie
921 3239 970 3305 puis
981 3253 1059 3304 payer
1079 3238 1129 3292 saus

236 3299 666 3365 iigardeiusqu’auboutsacuutume
699 3314 814 3364 enniani.
1087 3353 1089 3363 ,

238 3365 267 3416 de
280 3380 308 3415 ne
320 3367 369 3415 rien
385 3366 492 3417 affirmet.
731 3365 787 3417 ala
799 3386 865 3433 quas.
886 3367 919 3419 En
930 3368 1050 3421 l'honneur
1070 3367 1128 3426 dese

275 3447 285 3480 r
332 3435 356 3479 m·
368 3449 402 3478 me
419 3434 447 3480 ea
456 3432 537 3496 pent,
561 3433 613 3497 &tt
628 3432 666 3483 De
699 3433 775 3501 quels.

240 3508 269 3549 ce
288 3497 342 3565 quil
369 3497 415 3549 rn'a
436 3496 567 3552 tendantne
587 3497 600 3549 ἐι
620 3512 666 3552 une
732 3513 745 3567 3
766 3498 870 3568 Pergin.
887 3500 1010 3557 Marenen

887 3563 974 3648 ij'
