2817 4267
533 378 779 440 Lrnertl.
1036 404 1093 468 ²9¹

208 491 289 550 vitae.
307 487 353 548 M.
367 483 439 546 Mali
451 484 523 545 verb
536 485 607 567 quid
622 481 705 545 affert
722 483 773 545 isla
787 482 945 547 sententia?
964 483 1009 548 sac
1019 492 1099 553 enim

209 574 249 631 sic
270 570 400 630 animum
420 568 536 627 interire
556 587 587 625 ur
599 588 725 645 corpus:
745 587 816 626 num
829 568 913 649 igitur
925 568 1030 650 aliquis
1046 570 1099 632 do·

208 653 272 722 lor,
293 670 342 711 aut
366 651 488 710 omnino
512 646 576 729 post
594 669 723 716 mortem
741 647 836 710 sensus
852 652 1021 731 incorpore
1037 649 1101 714 est?

206 734 311 795 Nemo
330 732 360 791 id
379 733 499 813 quidem
516 732 606 791 dicir:
627 732 680 791 etsi
702 728 934 793 rDemocritum
951 734 1101 796 insimulat

206 814 375 896 Epicurus:
392 812 585 873 Democritici
604 830 721 894 negant.
740 810 789 873 Ne
808 815 837 872 in
858 815 956 876 animo
999 816 1100 878 uidem

205 899 295 979 igitur
323 892 419 955 sensus
442 911 592 955 remanet:
619 894 679 975 ipse
700 895 779 954 enim
800 892 939 976 nusquam
957 837 1008 957 ed.
1037 896 1100 959 Ubi

205 981 295 1060 igitur
319 978 430 1037 malum
447 976 518 1036 est?
547 980 685 1057 quoniam
708 975 779 1036 nihil
802 979 919 1037 tertium
944 975 997 1037 est.
1026 978 1101 1055 An,

229 1060 349 1120 uoniam
369 1056 429 1138 ipse
451 1058 539 1117 animi
562 1056 694 1118 discessus
716 1056 732 1117 ὲ
751 1077 877 1140 corpore
896 1079 956 1117 non
976 1056 1010 1119 fit
1036 1061 1101 1123 sine

205 1082 335 1203 dolore?
358 1140 401 1200 Ut
420 1139 537 1199 credam
559 1140 598 1197 ita
618 1138 693 1211 elle,
718 1139 808 1221 quim
828 1137 869 1201 est
890 1139 922 1199 id
939 1143 1099 1222 exiguum!

206 1225 241 1286 δι
261 1218 364 1283 salsum
387 1218 444 1282 elle
466 1222 610 1281 arbitror:
624 1224 655 1283 dc
677 1218 710 1279 fit
731 1222 905 1303 plerumque
919 1221 982 1281 sine
999 1221 1101 1298 sensu,

207 1324 420 1385 nonnunquam
442 1306 530 1363 eriam
553 1322 620 1362 cum
649 1303 824 1381 voluptare3
856 1321 1012 1384 torumque
1041 1305 1102 1364 hoc

205 1385 277 1447 leve
290 1385 332 1446 est
343 1430 353 1456 ‚
365 1383 577 1465 qualecumque
589 1381 630 1445 est
644 1403 651 1441 :
664 1380 696 1442 fit
709 1386 788 1443 enim
800 1402 817 1442 2
829 1382 865 1443 ad
878 1382 1016 1464 piandum
1027 1401 1103 1445 temo'

207 1469 299 1549 poris.
318 1466 390 1527 lllud
419 1469 514 1548 angit,
537 1465 586 1525 vel
606 1465 703 1545 potius
722 1466 888 1536 excruciat,
911 1463 1045 1525 discessus
1061 1467 1098 1526 ab

208 1548 347 1610 omnibus
366 1549 401 1607 iis
413 1570 479 1629 quae
492 1547 556 1606 sunt
568 1547 646 1610 bona
664 1548 693 1605 in
712 1547 783 1608 vita.
803 1542 900 1620 Vide,
920 1567 958 1607 ne
978 1546 995 1606 ὲ
1015 1549 1099 1610 malis

207 1631 267 1692 dici
289 1631 387 1689 verilis
404 1626 500 1711 possit.
518 1626 633 1709 Quide
653 1650 673 1687 o
685 1635 761 1689 nun'c
779 1630 893 1711 lugeam
902 1631 995 1690 'viram
1005 1630 1099 1692 homi·

207 1712 304 1775 num?
329 1711 399 1771 vere
426 1713 459 1773 ὅ(
489 1709 554 1791 jure
579 1731 619 1793 po
643 1730 701 1769 um.
725 1709 784 1771 Sed
806 1712 877 1792 quid
898 1709 1011 1772 necesse
1032 1711 1098 1788 est,
1131 1735 1137 1746 ’

209 1797 275 1855 clim
295 1792 326 1852 id
346 1812 429 1875 agam
453 1812 491 1852 ne
511 1790 574 1872 posi
595 1811 721 1851 mortem
739 1792 859 1851 miseros
881 1814 937 1853 nos
960 1813 1098 1873 putemus
1168 1823 1176 1832 ·

208 1874 294 1946 sore,
321 1880 410 1935 eriam
434 1877 526 1934 vitam
544 1870 661 1933 efficere
683 1871 868 1953 deplorando
890 1873 1098 1936 miseriorem?

208 1954 342 2018 Fecimus
360 1956 460 2017 hocin
482 1977 520 2016 eo
537 1955 612 2015 libro
622 1999 632 2027 ‚
653 1955 758 2034 inquo
778 1953 988 2037 nosmetipsos,
1004 1976 1098 2037 quan·

208 2040 271 2098 tium
293 2040 459 2118 potuimus,
480 2036 619 2097 consolari
641 2034 748 2096 sumus.
765 2036 794 2095 A
815 2038 898 2095 malis
916 2037 1001 2118 igitur
1015 2057 1097 2099 mors

210 2120 344 2194 abducit,
363 2142 424 2181 non
443 2141 459 2179 a
479 2120 584 2190 bonis;
603 2138 707 2178 verum
723 2118 746 2177 si
768 2119 933 2197 quaerimus.
945 2117 1012 2178 Hoc
1025 2120 1097 2202 qui·

210 2202 279 2261 dem
298 2201 313 2260 ri
335 2223 349 2283 3
371 2200 541 2283 Cyrenaico
558 2200 706 2280 Hegesia,
721 2202 763 2259 sic
782 2199 904 2277 copiose
916 2198 1075 2280 disputatur
1084 2214 1098 2274 ,¹

211 2300 241 2343 ut
251 2288 275 2343 is
294 2281 311 2341 ai
332 2304 400 2364 rege
419 2282 580 2343 Ptolomaeo
602 2281 764 2361 prohibitus
794 2279 850 2342 else
870 2282 980 2343 dicatur
996 2283 1044 2343 illa
1064 2283 1095 2345 in

211 2362 313 2424 scholis
324 2364 439 2425 dicere:
458 2364 538 2444 quod
553 2365 639 2424 multi
652 2363 696 2421 his
711 2363 816 2422 auditis
833 2381 959 2425 mortem
971 2364 1024 2426 sibi
1040 2366 1098 2447 ipsi

213 2446 432 2507 consciscerent.
448 2444 622 2505 Callimachi
636 2445 756 2522 quidem
771 2446 949 2524 epigramma
970 2448 1000 2505 in
1019 2449 1096 2508 Am·

212 2526 370 2589 braciorum
390 2526 616 2585 Cleombrotum
627 2524 686 2584 est:
706 2544 795 2604 quem
813 2526 872 2598 ait,
892 2528 958 2585 clim
975 2527 1002 2585 ei
1022 2529 1096 2589 nihil

212 2606 357 2669 accidisset
377 2608 513 2676 adversi,
535 2607 551 2665 ὲ
570 2626 654 2666 muro
675 2603 703 2664 se
723 2608 752 2663 in
770 2625 850 2665 mare
866 2604 1001 2684 abjecisse
1018 2606 1095 2670 lect·

212 2687 339 2751 Platonis
357 2688 442 2748 libro.
459 2686 528 2763 Ejus
539 2703 653 2758 autem,
667 2706 757 2766 quem
774 2685 851 2754 dixi,
869 2686 1008 2766 Hegesiae
1021 2688 1096 2751 liber

213 2772 253 2832 est
268 2792 287 2844 4
308 2768 547 2850 A’nnxaprepciv,
569 2766 675 2848 quindd
692 2768 751 2826 vita
771 2767 888 2847 quidam
899 2788 950 2850 per
967 2768 1096 2833 inediam

212 2852 361 2914 discedens
385 2869 539 2910 revocatur
561 2850 597 2909 ab
623 2850 723 2908 amicis
742 2848 871 2926 aquibus
899 2847 1097 2931 respondens,

213 2937 281 2994 vitae
300 2934 431 2992 humanae
448 2948 597 2992 enumerat
614 2930 813 2991 incommoda.
833 2927 945 2991 Poss'em
967 2932 995 2990 id
1018 2929 1097 2994 sace·

213 3016 435 3091 re3etsimini1s
448 3013 535 3092 quim
554 3014 605 3073 ille
618 3057 628 3087 ,
640 3013 689 3093 qui
700 3014 823 3073 omnino
841 3014 944 3073 vivere
959 3015 1097 3095 expedire

214 3099 321 3158 nemini
336 3095 525 3177 putaclrino
536 3096 609 3158 alios
624 3097 769 3156 :etiamne
784 3093 868 3155 nobis
878 3095 995 3177 expedit
1003 3100 1053 3179 qui
1063 3098 1097 3160 δι

247 3240 454 3303 rDenrncrr'rrrn,
471 3241 523 3292 dcc.
540 3240 640 3304 Epicure
707 3251 720 3301 3
743 3241 881 3305 Cyrenaico.
913 3239 968 3292 Non
1002 3239 1097 3303 pals-ll

213 3303 347 3374 soupqonne
364 3306 500 3359 Democrite
511 3307 541 3359 de
555 3306 639 3358 l’avoir
671 3304 709 3355 led
731 3303 800 3355 secta.
816 3306 943 3369 Cyrenaici
965 3305 1100 3358 dicebantur

213 3384 263 3422 cra.
672 3369 774 3435 discipuli
795 3371 919 3438 Aristippi,
939 3373 979 3437 qni
1005 3373 1098 3439 Cyrene

247 3450 264 3485 2
281 3437 321 3486 Ad
332 3436 439 3503 pnnslunr
463 3438 590 3506 temporis,
611 3448 642 3491 en
674 3435 785 3488 oriundus
803 3447 860 3487 erar.

216 3501 348 3561 uuiuliaut.
677 3583 680 3588 Ι
708 3498 820 3576 4111οά11
838 3500 1021 3576 vivan-‘finiens
1054 3486 1057 3492 ’

849 3564 932 3655 uir
