2817 4267
221 451 224 458 ,
305 387 369 454 rr&
525 386 597 450 Dm
637 384 956 460 Otrrcrrs;

299 493 437 577 Exempli
456 494 562 567 causa,
583 510 705 576 ponatur
720 492 852 573 aliquid,
873 491 958 592 quod
977 507 1076 572 pateat
1091 493 1194 574 latiusi
1220 561 1225 570 ,

299 577 396 662 Quod
418 573 512 656 potest
524 574 617 654 majus
639 573 695 636 elie
714 572 826 647 scelus,
844 595 935 656 quam
948 593 1013 636 non
1032 577 1189 642 mooun«

297 662 429 730 minem,
457 656 511 717 sed
537 659 624 718 etiarn
646 655 823 716 familiarem
844 655 998 716 hominem
1026 657 1195 726 occiderel·

297 738 379 800 Num
401 737 486 820 igitur
506 736 534 798 se
556 737 709 798 obstrinxit
729 735 859 808 scelere,
886 739 912 796 si
933 740 1001 818 quis
1028 755 1194 820 tyrannm,

297 820 425 891 occidit,
448 822 581 899 quamvis
598 817 790 879 familiarem?
810 817 924 898 Populo
942 818 1065 900 quidem
1077 819 1195 894 Roma.

295 921 335 960 no
349 922 408 960 non
421 903 558 973 videtur,
574 903 624 981 qui
635 921 671 959 ex
682 900 819 959 omnibus
831 899 976 978 praeclaris
993 898 1101 982 fadis5
1114 902 1188 968 illud

295 981 523 1061 pulcherrimum
547 980 696 1042 existimat.
716 979 796 1040 Vicit
812 981 901 1062 igitur
918 980 1028 1042 utilitas
1050 981 1189 1048 honesta·

294 1062 380 1123 terni
403 1065 495 1124 immo
520 1064 594 1122 vero
617 1060 800 1123 honestatem
821 1061 931 1120 utilitas
950 1060 1113 1128 consecuta
1132 1063 1192 1128 est..

294 1141 417 1225 Itaque,
440 1163 470 1204 ur
489 1143 551 1204 sine
574 1142 635 1204 ullo
662 1163 762 1204 errore
782 1140 942 1221 dijudicare
963 1145 1133 1222 possimus,
1160 1147 1194 1210 ti.

294 1226 413 1308 quando
431 1245 498 1286 curn
520 1224 588 1296 illo,
619 1225 700 1305 quod
725 1224 859 1303 honestum
879 1221 1090 1319 intelligimus,
1170 1259 1190 1290 -,

294 1328 364 1368 nare
385 1307 416 1368 id
438 1306 605 1377 videbitur,
635 1305 717 1387 quod
738 1304 918 1386 appellamus
941 1307 1033 1380 utrlae,
1095 1247 1187 1372 effic

293 1389 427 1469 quaedam
439 1385 641 1448 constituenda
656 1385 715 1460 ell3
733 1388 857 1467 quamsi
876 1384 1033 1466 sequemur
1052 1389 1084 1450 in
1099 1409 1190 1452 com·.

293 1473 444 1550 paratione
465 1488 582 1538 rerum,
604 1467 640 1528 ab
662 1466 762 1529 officio
780 1486 938 1548 numquam
956 1467 1143 1532 recedemus.

336 1569 386 1610 ao.
409 1550 471 1610 Erit
491 1567 589 1609 autem
608 1549 671 1608 haec
697 1547 846 1619 lor-mula,
881 1546 1188 1616 Stoicorum'tratiuni

292 1628 507 1711 disciplinaeque
526 1629 653 1690 maxime
670 1627 883 1704 consentanea,
904 1650 994 1710 quern
1011 1633 1134 1713 quidmst
1150 1635 1180 1696 iu

292 1711 337 1770 his
358 1712 439 1780 libris
458 1726 614 1791 propterea
634 1707 798 1793 sequimur,
817 1709 901 1790 quod
915 1731 1182 1794 quamquamase·

291 1792 402 1853 teribus
422 1792 627 1864 Academicis,
651 1792 684 1853 δι
711 1812 728 1850 a
753 1789 952 1872 Peripateticis
976 1793 1106 1869 vestris,
1172 1795 1189 1858 ⁸.
1223 1867 1225 1874 Ι

315 1874 445 1934 uondant
456 1873 475 1935 6
488 1874 576 1934 iidem
595 1889 693 1943 etant,
712 1874 761 1952 qui
779 1872 970 1943 Academici,
984 1817 1181 1954 quae-honeffi

291 1896 376 2029 dunt,
397 1969 614 2038 anteponuntur
636 1955 690 2025 iis,
711 1973 777 2033 quae
792 1954 933 2028 uidentur
951 1955 1056 2032 utilia;
1082 1975 1189 2021 ramea„
1221 2025 1225 2038 p

291 2036 471 2118 splendidius
493 2037 554 2097 lraec
574 2036 610 2096 ab
628 2037 670 2096 eis
695 2033 887 2110 differuntur,
908 2037 1015 2118 quibus
1037 2039 1184 2121 quidquid
1220 2043 1225 2120 f

291 2117 445 2179 honestum
455 2117 513 2187 est,
525 2117 603 2177 idem
620 2117 690 2177 utile
701 2116 838 2191 videtur,
851 2137 907 2178 nec
919 2117 993 2180 utile
1001 2119 1178 2200 quidquam,
1223 2191 1225 2196 Ι

290 2200 372 2279 quod
383 2219 442 2277 non
455 2195 624 2270 honestum
635 2197 723 2279 quim
736 2198 835 2271 abiis,
849 2198 953 2279 quibus
963 2217 1013 2261 aut
1023 2199 1180 2263 honestum
1222 2209 1225 2224 '

290 2280 399 2357 aliquid
415 2299 474 2338 non
487 2279 576 2346 utile,
598 2296 646 2338 aut
664 2280 736 2338 utile
753 2277 989 2341 nonhonestum.
1013 2279 1114 2343 Nobis
1126 2304 1183 2344 aun.

289 2376 351 2419 tem
372 2357 469 2417 nostra
491 2357 657 2418 Academia·
670 2381 694 2439 7-
708 2379 842 2439 magnam
860 2361 1008 2422 licentiam
1036 2363 1106 2435 dat,
1125 2381 1185 2438 ur,-

290 2439 496 2521 quodcumque
515 2440 641 2499 maxime
661 2441 811 2516 probabile
830 2459 985 2513 occurrat,
1011 2444 1044 2503 id
1075 2444 1178 2508 nostro.

288 2519 352 2601 jure
368 2521 453 2581 liceat
472 2519 639 2582 defendere.
658 2520 716 2581 Sed
735 2523 824 2584 redeo
842 2521 1066 2588 adformulam.

220 2647 224 2660 .
333 2603 371 2663 V.
398 2601 562 2663 Detrahere
582 2605 666 2682 igitur
690 2604 804 2685 aliquid·
827 2606 929 2683 alteri,
961 2606 994 2667 δι
1022 2608 1174 2670 hominem

288 2681 415 2744 hominis
433 2684 625 2745 incommodo
645 2682 731 2744 suunt-
746 2705 852 2766 augere
873 2687 1088 2761 commodum,
1113 2711 1172 2750 ma·

288 2768 332 2847 gis
358 2765 400 2826 est
419 2787 520 2826 contra
539 2783 688 2839 naturam,
712 2766 800 2847 quim
821 2787 920 2842 mors,
943 2768 1031 2848 quim
1047 2791 1176 2853 pauper·

288 2864 352 2917 tas,
371 2846 458 2928 quint
476 2849 579 2919 dolor,
593 2846 677 2928 quim
691 2867 812 2923 caeteta,
831 2870 896 2930 qum
915 2848 1031 2930 poliunt
1042 2869 1092 2912 aut
1111 2857 1176 2914 c'or·

289 2931 354 3007 pori
378 2929 530 2998 accidere,
562 2946 610 2988 aut
640 2930 725 2987 rebus
750 2933 876 2990 externis
899 2953 912 3002 ε,
932 2952 999 2991 nam
1030 2935 1174 3015 principio

288 3008 365 3070 tollit
384 3028 396 3066 r·
416 3007 583 3069 convitium
599 3009 777 3083 humanum,
800 3012 833 3074 ἃ
851 3011 1076 3090 societatemzsi
1097 3019 1188 3077 enim*-

322 3136 420 3198 5lllud.
437 3136 528 3202 Nempe
541 3137 642 3187 otcilunr
661 3138 713 3187 Ca·
746 3152 794 3188 rum
816 3138 922 3190 ardores
941 3138 1017 3192 luere.

287 3202 359 3253 sarem
379 3202 494 3264 aBruro,
516 3203 553 3253 cui
571 3202 657 3253 suntme
673 3201 713 3252 lr-
778 3219 794 3264 7
823 3206 940 3270 Magnam
974 3205 1098 3256 licentiam
1124 3212 1175 3262 det.

288 3269 380 3319 miliarii
401 3277 460 3318 erat.
747 3268 945 3320 Academicorum
964 3282 1031 3332 erat,
1052 3271 1083 3323 de
1105 3276 1175 3326 rebus

319 3333 428 3386 dlidem
448 3346 528 3392 erant,
555 3334 594 3398 qui
619 3334 722 3381 Acade·
747 3334 874 3395 omnihus,
895 3349 943 3401 que
964 3335 1017 3400 ipsis
1039 3337 1176 3401 probabiles

285 3401 349 3449 mici.
372 3399 435 3448 Vivo
447 3397 560 3451 Platone,
580 3396 645 3458 colus
666 3398 713 3448 dil·
747 3399 898 3455 vlderentur,
915 3401 936 3450 in
948 3412 1069 3466 utramque
1086 3419 1177 3462 partem

286 3463 375 3526 cipuli,
395 3460 715 3527 Aristotelesl'eripatetiro-
748 3464 878 3531 disputare,
891 3465 953 3516 'nihil
973 3466 1121 3520 affirmando.

288 3541 357 3595 rum,
376 3529 523 3584 Xenocrates
549 3526 715 3589 Academico,
783 3530 940 3586 reonaldum
951 3532 1178 3601 lunaaup,Vittm
