2817 4267
287 335 375 444 Β]
507 375 944 458 lla-Orneus}

285 486 358 548 nihil
382 502 466 556 erat,
490 488 571 569 quod
594 488 728 550 homines
753 481 987 550 trituratoribus
1013 503 1074 556 non
1094 481 1197 568 pulle.

286 569 426 652 consequi
446 568 476 632 se
497 570 715 632 arbitrarentur.
729 566 823 630 Omni
843 571 931 652 igitur¹
949 568 1062 630 ratione
1080 570 1178 632 colen·

286 653 325 714 da
342 653 374 713 &
393 652 542 712 retinenda
558 648 671 731 justitia
694 649 760 725 esl,
782 668 845 712 tum
869 649 930 732 ipsa
950 668 1073 732 propter
1095 649 1181 727 sase;
1218 699 1225 740 Ι

287 753 354 793 nant
367 732 450 800 aliter
471 730 575 811 justitia
600 752 660 794 non
680 730 770 802 essen
800 750 861 792 tunt
881 748 1003 827 propter
1020 729 1181 812 amplifica·
1218 785 1225 819 p

287 815 400 875 tionem
418 812 539 955 *oria
561 815 593 877 δι
613 815 725 897 gloriar.
741 810 801 874 Sed
818 832 851 874 ut
871 834 1003 894 pecunrae
1025 835 1089 874 non
1102 833 1183 895 quaa·
1214 844 1225 901 ,3

286 895 388 958 rendae
409 893 439 955 so
453 895 502 958 itm
529 898 602 957 ratio
631 895 691 969 est,
712 895 763 957 sed
790 897 876 956 etiam
893 895 1099 968 collocanda„
1118 915 1183 991 quo
1211 943 1225 985 p

286 976 853 1141 diliissibilis-”illilus
863 975 1183 1141 liiiial“ial³{¹ii'
1215 1029 1225 1068 ³

608 1104 619 1133 2
1031 1099 1041 1132 2
1214 1112 1225 1136 rr

288 1141 415 1203 locanda
431 1142 542 1203 ratione
561 1140 612 1202 est.
904 1147 907 1154 '
956 1179 960 1196 2
1121 1179 1124 1186 ·
1181 1145 1185 1154 '
1215 1135 1225 1208 ’.ἶ

332 1243 381 1305 43.
399 1220 590 1305 Quamquam
608 1220 744 1303 praeclare
769 1219 926 1294 Socrates,
948 1220 1024 1282 hanc
1042 1220 1123 1298 viatn'
1143 1215 1180 1284 arl
1199 1223 1225 1290 .,’

290 1305 416 1385 gloriam
435 1309 599 1387 proximam
622 1306 655 1366 δι
677 1304 760 1385 quati
786 1303 1035 1379 compendiariam
1064 1302 1181 1376 dicebat
1220 1307 1225 1370 j

290 1383 366 1455 esse,
380 1390 404 1446 si
423 1389 487 1468 quit
502 1387 532 1448 id
545 1403 643 1469 ageret
653 1428 664 1456 ,
685 1403 736 1457 ut,
755 1386 847 1466 qualis
864 1385 964 1462 baberi
984 1383 1096 1457 vellet,
1115 1385 1182 1448 talia

292 1466 478 1548 ellenQubd
497 1471 521 1528 si
539 1471 589 1549 qui
606 1466 806 1534 simulatione,
830 1467 862 1528 ἃ
879 1468 956 1526 inani
969 1465 1183 1542 ostentatione,
1210 1537 1215 1544 ¹

292 1549 326 1609 &
345 1547 412 1610 silio
430 1571 489 1610 non
511 1550 603 1610 modi>
619 1549 771 1621 sermone,
789 1547 840 1610 sed
858 1551 946 1610 etiam
968 1548 1075 1622 vultu,
1096 1545 1184 1610 stabi·
1223 1605 1225 1612 .

291 1630 353 1689 lem
375 1630 546 1710 regionam
568 1630 707 1710 consequi
738 1628 816 1711 polle
837 1647 959 1700 rentur,
988 1630 1185 1692 vehementer

293 1729 399 1774 errant.
419 1710 497 1772 Vera
515 1714 606 1793 gloria
624 1713 734 1774 radices
752 1715 910 1794 agitatque
930 1709 1020 1772 'etiam
1041 1731 1185 1794 propaga·

292 1811 362 1867 tur;
388 1790 458 1854 sidia
479 1796 579 1856 omnia
599 1793 758 1865 celeriter,
780 1812 927 1874 tamquam
946 1792 1080 1866 flosculi,
1106 1794 1185 1856 deci·

293 1874 385 1947 dunt,
418 1896 472 1934 nec
494 1877 659 1936 simulatum
680 1873 775 1955 potest
801 1875 961 1956 quidquam
989 1872 1047 1936 esse
1070 1874 1186 1936 diutur-

293 1977 375 2018 num.
383 1954 489 2018 Testes
506 1957 567 2018 sunt
583 1958 718 2038 permulti
735 1974 748 2035 3
769 1957 798 2015 in
814 1972 964 2036 utramque
978 1961 1117 2039 par'tem3
1130 1955 1186 2018 sad

293 2037 443 2098 brevitatis
462 2042 569 2111 causd,
604 2038 712 2100 familia
737 2040 845 2099 erimus
865 2040 997 2098 contenti
1015 2038 1092 2098 tunsa.
1114 2037 1188 2106 Tib.

258 2169 260 2174 Α
295 2123 375 2180 enim
395 2118 566 2194 Gracchus,
596 2118 628 2180 P.
655 2118 748 2192 silius,
772 2119 881 2180 tamdiu
907 2119 1088 2190 laudabitur,
1114 2119 1188 2182 dun

295 2204 438 2261 anemoria
459 2222 555 2261 rerum
573 2200 773 2272 Romanarum
790 2202 929 2261 manebit.
947 2225 967 2276 4
983 2202 1025 2262 At
1036 2199 1101 2280 ejus
1115 2201 1190 2273 filii,

278 2331 280 2338 ,
296 2302 350 2343 nec
366 2284 428 2339 vivi
449 2283 647 2359 probabantur
663 2282 768 2355 bonis,
788 2284 821 2344 δι
838 2284 950 2348 mortui·
963 2303 1120 2344 numerum
1130 2284 1188 2346 ob·

296 2365 390 2422 tinent
411 2360 473 2435 jure
499 2362 648 2422 caesorurn.
1147 2359 1150 2368 '

337 2440 421 2501 Xlll.
443 2441 505 2522 Qui
523 2446 608 2524 igitur
621 2443 737 2526 adipisci
754 2466 855 2505 veram
867 2445 987 2526 gloriam
1007 2446 1109 2517 volet,
1129 2444 1188 2522 ius·
1211 2439 1215 2444 ¹

296 2524 369 2584 titiae
390 2524 521 2605 fungatur
538 2523 640 2586 officiis
663 2550 670 2587 ε
693 2546 727 2585 ea
751 2549 815 2606 quae
829 2527 940 2608 essent,
963 2525 1070 2596 dilium
1087 2526 1129 2589 esl
1150 2529 1189 2588 li·

296 2606 354 2666 bro
371 2604 528 2687 superiore.
541 2605 620 2679 Sed,
641 2627 672 2667 ut
690 2608 848 2683 facillime,
866 2609 967 2691 quales
986 2609 1095 2680 simus,
1113 2611 1188 2672 talea

299 2687 355 2750 elle
375 2689 546 2761 videamur,
564 2691 619 2749 etsi
642 2693 728 2750 ineo
752 2689 815 2770 ipso
843 2694 885 2750 vis
912 2692 1036 2760 munima
1054 2689 1117 2763 esl,
1155 2709 1188 2752 ut

297 2774 386 2830 tintus
409 2773 447 2840 ii,
488 2774 516 2831 ui
529 2773 627 2831 haberi
638 2772 780 2845 velimus,
796 2789 891 2831 tamen
905 2772 1036 2853 quaedam
1056 2793 1190 2854 ptaecep·

297 2868 327 2911 ta
349 2852 443 2911 danda
467 2794 539 2912 lunt.
562 2852 636 2913 Nam
664 2856 687 2912 si
714 2856 776 2934 quis
796 2854 833 2913 ab
854 2856 972 2914 ineunte
993 2871 1078 2916 artare
1099 2855 1190 2916 habet

298 2932 411 2992 causam
436 2931 610 2994 c‘elebritatis
624 2936 654 2995 δι
670 2937 817 3005 nominis,
836 2953 884 2994 aut
902 2957 917 2994 a
938 2954 1016 3013 patre
1035 2956 1189 3018 acceptam

297 3004 403 3093 (quod
418 3015 491 3084 ribi,
514 3016 554 3074 mi
575 3014 701 3089 Cicero,
723 3017 847 3077 arbitror
869 3015 1041 3100 contigisse)
1064 3039 1114 3080 aut
1134 3020 1186 3079 ali·

332 3136 513 3202 2Neetffirrr'or⁴
542 3137 638 3189 Alauda
659 3140 724 3190 santi·
758 3141 854 3206 gloriam
868 3156 907 3192 ant
923 3144 1011 3211 semper
1024 3145 1187 3206 retinuerunt.

297 3202 344 3256 lia.
360 3201 488 3256 liberales.
502 3203 609 3270 Dignitrti
620 3207 724 3269 tuende,
759 3219 796 3256 aur
813 3208 884 3258 sintin
901 3211 1030 3261 an‘lerunr.

300 3273 328 3320 dr·
352 3269 486 3333 prontodn
513 3271 533 3319 in
556 3271 613 3322 alios
636 3273 723 3323 benefr·
790 3274 919 3337 4Arejur
931 3275 991 3341 filii.
1020 3277 1129 3330 Tiberius
1157 3278 1183 3331 dt

300 3339 381 3386 tentia
401 3336 536 3386 destinator.
758 3337 827 3388 Calor
851 3338 971 3391 Gracchus
993 3346 1130 3398 aerariorum
1152 3346 1185 3395 le·

329 3414 347 3460 ἢ
372 3399 399 3447 In
417 3419 533 3466 utromque
551 3416 649 3465 portem.
669 3403 723 3454 Sive
757 3418 825 3466 gunt.
846 3418 913 3472 alque
936 3408 988 3458 inde
1006 3409 1144 3463 seditionum
1161 3411 1187 3463 ln

255 3483 258 3488 ·
300 3477 395 3526 eornm,
410 3469 448 3532 qni
467 3468 534 3517 boris
551 3468 653 3523 arthur,
671 3469 722 3519 sivt
757 3467 874 3535 republica
886 3471 1004 3530 audoreu

298 3542 396 3592 etrum,
417 3533 618 3598 quisirrrulatiuue
637 3548 727 3600 parturn
