2817 4267
305 426 365 510 308
457 423 834 489 Tuscuurutnuu
875 406 1055 485 Lratnl.

305 532 374 613 quid
387 530 625 614 ptaetermillutn,
643 550 690 593 aut
709 529 837 592 reliilum
853 547 949 609 putes.
969 528 1010 586 A.
1020 522 1088 605 Ego
1101 520 1186 583 verit

303 613 468 695 &quidem
487 611 557 672 fecit
573 615 659 672 etiam
676 610 727 672 iste
745 633 792 673 tne
811 611 944 691 epilogus
964 605 1137 666 firmiorem.
1147 605 1186 665 M.

305 692 449 771 Optime,
476 694 505 753 in
528 713 603 753 uam.
616 692 674 753 sed
685 715 761 755 nunc
777 692 896 774 quidem
909 686 1073 750 valetudini
1088 686 1185 744 tribua·

302 794 366 834 tnus
383 773 502 855 aliquid.
544 796 588 835 ras
601 794 715 846 autern,
735 776 853 854 &quot
867 772 929 832 dies
945 770 1057 830 erimus
1073 767 1103 826 in
1119 761 1186 825 Tus·

302 856 424 924 culauo,
445 875 561 936 agamus
584 857 662 927 hac,
685 858 770 917 &ea
792 854 995 937 potissimum,
1019 868 1086 929 quae
1113 847 1187 905 leva·

302 936 413 996 tionem
422 936 578 996 habeantae
601 929 1188 1010 titudinunt‚lormidinutn,cupiditatum:

234 1095 237 1100 .
302 1017 352 1099 qui
364 1018 446 1078 omni
459 1018 475 1076 ὲ
490 958 673 1099 philoiiphia
691 1016 732 1079 est
750 1015 854 1078 stulius
877 1015 1052 1076 uberrimus.

277 1144 1187 1244 κυιεππξξεὲωωψω

367 1289 646 1392 .l.lBER
705 1285 1083 1399 QUINTUS.

325 1453 457 1514 Virtutem
477 1453 518 1511 ad
538 1452 614 1509 beate*
634 1437 783 1510 vivendim
798 1449 830 1527 se
855 1449 920 1529 ipse
940 1447 990 1528 effe
1011 1461 1175 1511 contentetur.¹
1225 1477 1229 1520 ,ι

303 1578 544 1748 LQutuaus
565 1580 612 1637 hic
634 1578 717 1646 dies.
738 1576 843 1650 Brute,
865 1575 955 1638 finem
974 1577 1063 1641 faciet
1083 1579 1190 1641 Tuscu·

416 1664 544 1719 lanarum
562 1658 789 1740 disputationum
804 1661 945 1739 :quodie
963 1659 1005 1720 est
1026 1662 1044 1721 it
1061 1662 1149 1722 nobis
1161 1680 1191 1720 ea

303 1740 341 1801 de
358 1762 405 1808 re,
425 1760 511 1819 quarn
524 1758 556 1799 tu
574 1760 610 1800 ex
630 1739 766 1804 omnibus
780 1742 904 1801 maxime
921 1743 1048 1822 probat,
1061 1743 1191 1824 disputa.
1216 1745 1230 1842 i

303 1819 505 1881 tum.·Placete
524 1823 603 1880 enim
615 1820 669 1880 tibi
685 1822 846 1886 admodum
865 1818 940 1881 sensi
960 1824 992 1885 ἃ
1013 1843 1027 1882 1
1047 1844 1085 1886 ex
1104 1844 1142 1885 eo
1159 1824 1192 1883 li·
1226 1845 1230 1902 j

302 1903 378 1975 ltro,
400 1904 537 1984 quemad
553 1923 601 1962 rne
616 1903 829 1961 accuratissime
845 1899 992 1982 scripsisti,
1010 1906 1102 1967 &ex
1116 1905 1192 1966 rnul-
1227 1913 1230 1960 ἱ

303 1985 341 2044 tis
361 1984 541 2044 sermonibus
561 1987 635 2055 tuis,
657 1987 797 2042 virtutem
817 1984 854 2042 ad
870 1984 953 2046 beate
974 1986 1138 2052 vivendum
1162 1984 1191 2047 se

302 2066 368 2145 ipsi
388 2064 444 2125 elle
463 2086 640 2126 contentam.
660 2063 756 2142 Quod
774 2067 830 2123 etsi
850 2062 966 2126 difficile
985 2064 1028 2128 est
1044 2066 1169 2148 probatu
1180 2110 1194 2141 ,

304 2167 427 2227 propter
441 2165 501 2205 tam
515 2151 593 2206 varia
613 2148 644 2207 &
666 2165 724 2204 tam
741 2139 864 2206 multae
884 2166 1031 2210 tormenta
1048 2148 1192 2210 fortunae:

303 2228 361 2287 tale
380 2247 476 2285 tamen
511 2229 573 2293 est,
601 2245 632 2286 ut
655 2247 668 2306 3
694 2226 902 2287 elaborandum
923 2231 980 2301 sit,
1000 2250 1061 2311 quo
1080 2228 1192 2292 facilius

303 2307 453 2390 probetur.
478 2306 558 2366 Nihil
577 2305 618 2365 est
636 2309 715 2368 enirn
741 2310 894 2398 omniurn),
920 2331 985 2390 quae
1003 2312 1034 2369 in
1082 2310 1192 2374 hiloso-

304 2387 371 2471 phia
392 2388 563 2461 tranantur,
583 2389 662 2469 quod
679 2391 815 2469 gravius,
840 2332 1129 2474 magnificentiuiipue
1149 2394 1193 2454 di·

303 2489 394 2533 catur.
414 2469 491 2530 Nam
510 2476 577 2532 clun
601 2492 635 2531 ea
655 2469 738 2529 causa
752 2470 900 2552 impulerit
920 2491 972 2532 eos
990 2515 1002 2545 ‚
1024 2475 1077 2554 qui
1105 2474 1190 2555 primi

302 2551 333 2613 se
349 2552 386 2612 ad
408 2552 597 2633 philosophiae
616 2550 740 2611 studium
763 2552 969 2625 contulerunt,
996 2570 1028 2613 ut
1053 2556 1191 2616 omnibus

303 2633 390 2694 rebus
408 2632 596 2715 posthabitis,
610 2651 690 2693 totos
701 2631 731 2691 se
742 2633 771 2691 in
781 2635 897 2712 optimo
908 2636 977 2693 vitae
998 2633 1072 2696 statu
1091 2639 1191 2717 exqui·
1228 2677 1230 2684 ·

303 2716 605 2786 rendruollocarent:
629 2712 761 2793 profe6lb
774 2714 824 2794 spe
839 2714 924 2775 beate
940 2715 1064 2776 vivendi
1079 2733 1190 2777 tantam

303 2797 333 2856 in
356 2815 393 2856 eo
422 2795 518 2857 studio
545 2816 663 2865 curant,
692 2815 874 2876 operamque
902 2795 1068 2875 posuerunt.
1095 2796 1215 2878 Quod.

305 2879 382 2937 siah
401 2878 433 2935 iis
455 2881 573 2937 inventa
592 2878 622 2935 δι
646 2874 772 2955 ρεῐὶεὸἰι
790 2878 883 2936 virtus
899 2875 958 2950 est,
978 2879 1011 2939 δι
1026 2880 1049 2937 si
1064 2880 1191 2958 praesidii

304 2959 341 3019 ad
359 2958 442 3017 beare
457 2959 618 3016 vivendum
635 2957 666 3014 in
687 2959 796 3017 virtute
815 2955 879 3018 satis
899 2956 959 3018 est:
980 2960 1044 3040 quis
1063 2958 1121 3029 est,
1141 2961 1191 3042 qui

303 3060 364 3099 non
379 3039 512 3117 praeclare
536 3041 567 3098 ὁ(
590 3038 626 3097 ab
645 3037 701 3096 illis
721 3040 865 3118 positam,
883 3038 917 3100 δι
936 3038 953 3099 ὲ
971 3039 1058 3100 nohis
1076 3038 1191 3122 suscep·

304 3137 364 3179 tarn
381 3139 502 3195 operam
524 3118 745 3198 philosophandi
766 3119 940 3181 arbitretur?
956 3118 1004 3179 Sin
1017 3139 1118 3183 autem
1130 3126 1187 3181 vir·

302 3218 350 3261 tus
364 3198 488 3280 subjeila
506 3199 555 3260 sub
574 3202 672 3261 varios
684 3200 867 3284 incertosque
880 3200 958 3263 casus
974 3200 1084 3263 famula
1101 3201 1188 3266 fortu-

338 3358 348 3395 ι
377 3345 415 3394 Ex
440 3363 468 3394 eo
496 3345 566 3397 libro.
595 3345 729 3410 intelligitur
760 3346 837 3399 verses
849 3347 879 3397 de
897 3347 917 3397 lt
933 3346 1037 3398 fortune.

302 3407 364 3461 Bruti
376 3410 431 3461 lber
447 3412 476 3461 de
493 3413 595 3472 virtute3
615 3413 652 3476 qui
672 3412 726 3475 qui·
794 3426 806 3474 3
833 3411 1008 3461 Elaborandum
1028 3411 1069 3472 fit.
1098 3410 1119 3464 ll
1142 3412 1190 3468 faut

302 3475 357 3530 tent
376 3475 420 3534 ian
432 3490 478 3524 non
491 3477 571 3527 exstat.
760 3477 912 3532 faite-tontes
921 3478 994 3532 lones
1005 3475 1121 3538 d’efforts.

335 3554 351 3596 2
366 3538 491 3594 Tormenta
500 3542 614 3608 fhrturrae.
626 3540 668 3595 lus
679 3552 727 3594 tta·
