2817 4267
281 377 304 446 8
501 377 945 457 *De'Orrt-crtsi

284 487 382 562 omnis
408 487 601 547 iurationem
623 489 753 549 utilitatis
772 490 859 549 radit.
882 487 1016 549 Tettium
1042 487 1180 551 dubitate}

284 570 314 629 di
325 590 414 649 genus
427 567 490 642 est,
508 590 601 650 quum
620 590 747 650 pugnare
769 572 885 631 videtur
903 591 970 629 curn
988 569 1110 631 honesto
1126 572 1173 642 iu,

285 653 366 731 quod
378 651 493 710 videtur
505 649 560 710 effe
572 650 656 710 utile:
669 672 759 730 quum
772 654 849 711 enim
862 652 968 711 utilitas
978 652 1014 711 ad
1025 649 1053 711 se
1064 671 1179 731 tapete,
1211 692 1225 727 ἑ

283 730 418 790 honestas
428 747 529 790 contra
539 750 680 793 revocare
694 731 769 791 adse
783 734 895 792 videtur
905 777 915 804 ,
925 730 997 804 fitut
1009 730 1179 791 distrahatur

282 811 478 871 deliberando¹
492 814 604 872 animus
623 856 633 885 ,
652 808 810 895 afferatque
832 814 988 894 ancipitem
1006 833 1104 873 curam
1126 834 1176 873 co·
1211 862 1225 897 ξ

242 950 244 952 ,
285 893 404 974 girandi.
1061 952 1065 957 ,
1212 946 1223 951 -

334 971 386 1033 ''to.
408 972 470 1032 Hac
488 973 633 1035 divisione
655 974 772 1056 (quum
793 974 939 1055 praeterite
959 973 1067 1055 aliqui-d
1086 973 1179 1033 maxi·
1212 969 1225 1030 j·

285 1073 369 1112 mutn
393 1056 493 1113 virium
517 1058 546 1113 in
570 1058 733 1116 dividendo
754 1056 815 1133 sit)
830 1053 1085 1135 duop'taeterrniffa
1103 1053 1179 1116 sunt·

285 1132 352 1196 Nec
374 1136 451 1193 eninr
471 1134 561 1195 solirm
582 1138 677 1195 utrum
697 1134 868 1210 honesturn,
887 1157 923 1195 an
940 1153 1025 1215 turpe
1045 1137 1105 1206 sit,
1127 1136 1178 1195 de·
1198 1133 1225 1178 ·'

216 1289 220 1295 ,
281 1215 403 1275 liberati
421 1215 512 1281 solet,
532 1215 706 1288 sedetiam,
727 1218 838 1277 duobus
855 1219 1012 1297 propositis
1030 1214 1179 1288 honestis,

285 1314 383 1356 utrum
400 1296 564 1371 honestiu53
582 1300 715 1377 itemque·
732 1292 844 1357 duobus
865 1298 1023 1377 propositis
1040 1297 1177 1364 utilibus,

284 1396 383 1437 utrum
407 1378 512 1437 utilius.
533 1378 604 1449 lta,
637 1399 724 1458 quarn
751 1379 801 1437 ille
828 1380 970 1457 triplicem
993 1378 1106 1456 putavit
1122 1375 1209 1437 elle-⁴

276 1460 430 1518 'rationem
451 1501 461 1531 ,
488 1461 518 1517 in
543 1462 670 1539 quinque
687 1477 782 1539 partes
797 1458 925 1520 distribui
945 1458 1053 1517 debere
1068 1459 1181 1537 reperit·

247 1546 250 1555 “
277 1555 341 1599 ¹tut.
357 1560 379 1613 4
396 1538 526 1612 'Primum
545 1542 630 1621 igitur
649 1539 690 1599 est
714 1541 751 1600 de
767 1538 888 1600 honesto
908 1585 917 1611 ‚
944 1539 994 1598 sed
1005 1538 1177 1619 dupliciter:

286 1635 349 1679 tum
366 1621 426 1699 peri
448 1622 558 1681 ratione
572 1622 609 1684 de
621 1622 702 1683 utili:
722 1620 786 1702 post
799 1623 836 1680 de
849 1622 1064 1700 comparatione
1075 1637 1180 1679 eorum

265 1725 267 1728 ’
286 1699 490 1773 disserendum.

328 1780 381 1842 lv.
408 1780 673 1863 Principib=generi
700 1782 887 1841 animantium
918 1781 998 1841 omni
1020 1778 1061 1840 est
1084 1799 1101 1839 a
1123 1799 1177 1839 no·

232 1891 234 1895 ·
287 1876 353 1922 tura
374 1862 535 1937 tributum,
552 1882 583 1921 ut
603 1862 653 1935 se,
671 1864 760 1922 vitain
775 1907 784 1935 ,
800 1861 961 1943 corpusque
976 1878 1109 1930 tueatur,
1129 1859 1181 1920 de·

286 1945 433 2024 clinetque
452 1962 517 2015 ea,
548 1964 612 2024 quae
639 1946 771 2003 nocitura
790 1944 971 2010 videantur,
999 1942 1182 2021 omniaque,

288 2045 352 2105 quae
371 2027 427 2084 tint
447 2023 486 2083 ad
501 2024 661 2083 vivendum
683 2021 834 2083 necessaria
857 2068 865 2095 ,
893 2024 1053 2103 anquirat,
1073 2023 1103 2082 δι
1125 2031 1181 2099 p'o·

286 2124 356 2178 ret,
378 2122 410 2164 ut
429 2102 541 2184 pastum
559 2148 567 2175 ‚
588 2123 619 2163 ut
637 2104 753 2164 latibula
772 2147 783 2174 ,
807 2124 839 2163 nt
862 2106 917 2162 alia
934 2102 1061 2181 ejusdem
1081 2120 1181 2179 gene·

285 2188 337 2252 ris.
359 2182 525 2247 Commune
545 2186 616 2244 iteru
639 2187 824 2247 animantium
851 2187 982 2244 omnium
1005 2178 1181 2258 estconjun·

287 2265 391 2325 &ionis
408 2267 576 2345 appetitus,
594 2266 766 2346 procreandi
783 2265 888 2334 causti,
908 2267 938 2325 &
960 2285 1026 2323 rura
1044 2264 1180 2343 quaedam

287 2342 391 2406 eorum
412 2390 423 2417 ,
448 2364 511 2426 quae
535 2365 684 2425 procreata
704 2346 776 2404 snut.
798 2344 857 2405 Sed
878 2348 952 2405 inter
969 2346 1120 2417 hominem
1146 2346 1181 2406 &

285 2427 415 2489 belluam
444 2425 499 2486 hoc
527 2428 653 2486 trraxitne
682 2425 829 2495 interest,
859 2428 919 2506 qul)
1009 2443 1179 2499 cranium,

286 2522 427 2589 quantuni
446 2504 527 2570 seusu
547 2528 706 2575 movetur,
727 2510 762 2567 ad
782 2508 813 2565 id
834 2505 960 2577 sotum··,
977 2506 1057 2586 quod
1078 2504 1181 2580 adest,

285 2590 427 2672 quodque
450 2586 573 2668 prae-sens
591 2586 631 2647 est
648 2630 658 2659 ‚
676 2586 703 2647 se
724 2587 948 2655 accommoda‘t,
988 2586 1115 2646 aulolum
1127 2588 1182 2645 atl-

231 2720 235 2726 .
284 2670 408 2733 modum
423 2668 545 2729 sentiens
555 2670 730 2748 praeteritum
740 2713 749 2738 ,
761 2687 807 2727 aut
818 2666 954 2728 fututum.
999 2688 1070 2726 omo
1080 2684 1182 2736 autern

285 2750 395 2831 (quod
415 2751 532 2810 tationis
551 2747 591 2808 eli
605 2752 770 2829 particeps,
791 2769 844 2829 per
861 2770 946 2829 quam
968 2763 980 2809 1
995 2748 1181 2827 consequen-

283 2834 325 2898 tia
341 2827 433 2890 cernit
443 2874 453 2902 ,
463 2828 558 2891 'causas
568 2848 663 2889 retunt
674 2832 757 2891 vider
769 2850 942 2908 ,earumque
954 2826 1134 2909 progrellus,
1149 2830 1182 2893 &

284 2914 368 2993 quasi
388 2914 610 2972 antecessiones·
620 2932 680 2969 non
692 2913 824 2992 ignorat,
844 2910 1045 2971 similitudines
1057 2930 1183 2987 compa-

283 3010 359 3063 rat,
386 2992 529 3053 &rebus
551 2990 736 3072 praesentibus
757 2989 888 3073 adjungit
904 3034 922 3064 ‚,
950 3008 1040 3071 atque
1056 2988 1183 3055 annetiit

284 3072 420 3153 suturas)
435 3071 518 3133 facile
534 3074 609 3132 totiu
645 3075 715 3136 vitae
735 3072 846 3131 rursum
868 3071 950 3137 videt
971 3114 981 3147 ,
1002 3070 1039 3131 ad
1053 3088 1180 3153 eantque

260 3175 262 3178 ’
284 3150 450 3240 (legendam
471 3168 620 3262 praeparat¹
644 3163 675 3213 's
691 3151 887 3218 necessarias(

318 3265 550 3345 ql’nr'nulrn'igitur
566 3262 604 3339 est.
622 3276 716 3343 Propo:
793 3292 803 3332 1
834 3277 1009 3345 Constquentia.
1038 3278 1101 3346 Quae
1133 3279 1181 3332 st'tl.

284 3346 417 3442 pitonibus
433 3342 597 3421 ·derebus'ibi
612 3343 637 3420 fit
653 3343 718 3399 ule·
749 3343 870 3455 otiunpur,
890 3344 914 3393 δι
932 3344 1053 3410 sequuntur
1072 3358 1103 3395 ex
1124 3358 1182 3459 plapc

283 3408 718 3537 ttlllzlrlltttlllllllll
748 3406 1102 3547 ll·.‚t'tll‘rttlt“l3tt
1119 3457 1178 3535 prr.

285 3541 377 3593 ratione
393 3539 424 3593 de
437 3540 484 3594 utili
494 3540 516 3590 in
525 3538 635 3591 serundo.
647 3535 715 3600 tur,
748 3535 899 3605 gttdruntur,
913 3536 938 3588 ,u
956 3535 1018 3604 quast
1032 3537 1183 3593 antecedunt.

285 3607 318 3664 dt
328 3605 506 3677 conparatione
514 3618 597 3660 toturn
605 3603 626 3656 iu
638 3602 718 3661 tertio.
