2817 4267
333 460 337 468 ·
433 425 610 490 errtt
650 434 916 488 rrnrrur:
1062 443 1123 510 ¹47

243 532 347 595 nullum
367 532 449 594 enim
468 531 615 594 vinculum
634 529 671 591 ad
690 528 922 612 adstringendam
940 527 1031 593 sidem
1048 530 1124 612 jure.

243 611 360 693 jurando
379 613 505 694 majores
524 610 627 673 arelius
645 609 701 673 elle
726 611 883 672 voluerunt
908 633 916 671 ι
943 614 972 673 id
996 616 1125 679 indicant
1151 648 1155 656 ·

244 696 317 777 leges
342 699 374 756 in
395 712 446 756 xtr
474 693 599 764 tabulis,
632 709 645 753 ι
676 691 805 752 indicant
832 691 968 767 sacratae,
995 697 1124 760 indicant

244 773 348 837 soedera
358 820 369 850 ,
379 776 485 858 quibus
497 776 585 836 etiam
595 793 660 834 curu
673 771 755 834 hoste
767 773 929 835 devincitur
940 773 1014 837 fides
1027 800 1033 837 ε
1047 781 1126 839 indi·

246 874 303 918 taut
311 860 451 920 notiones
459 852 782 935 animadversionesque
795 854 967 930 censorum
981 862 1029 939 qui
1047 862 1127 925 nullu

247 938 279 1001 de
292 959 324 1000 re
341 938 530 1021 diligentibus,
542 935 629 1019 qulru
642 935 680 997 (le
693 933 896 1015 jurejurando,
910 936 1084 1005 'udicabanu

287 1039 352 1082 rra.
375 1019 412 1081 L.
436 1017 568 1092 Manlio,
588 1018 628 1078 A.
647 1014 742 1095 silio,v
760 1038 849 1097 quum
868 961 988 1080 dislator
1007 1020 1130 1100 suislet,'

251 1097 288 1160 ll.
297 1098 496 1183 Pomponius,
518 1102 649 1161 tribunus
664 1096 778 1180 plebis,
798 1100 877 1160 diem
898 1100 985 1174 dixit,
1007 1100 1126 1184 quotlis

252 1200 350 1262 prutes
362 1184 418 1244 ribi
433 1182 496 1242 dies
516 1180 553 1242 ad
578 1179 746 1240 (libaturam
769 1181 927 1261 gerendam
949 1182 1129 1247 addidisset:

253 1263 444 1327 eriminebatur
456 1264 563 1333 etiam,
575 1261 656 1346 qubd
667 1259 771 1321 Titum
783 1259 875 1323 silium
882 1306 893 1335 ,
908 1264 958 1342 qui
971 1264 1073 1346 postea
1082 1266 1127 1330 est

254 1338 311 1404 Tor
346 1361 406 1406 atus
428 1344 609 1426 appellatus,
639 1343 675 1404 ab
698 1342 864 1403 hominibus
893 1344 1063 1426 relegasset,
1092 1349 1127 1410 δι

258 1425 304 1484 ruri
334 1427 437 1487 abitare
454 1422 601 1505 jussisset:
623 1423 704 1505 quod
722 1443 811 1504 quum
831 1423 983 1488 audivisset
1007 1428 1128 1490 adoles·

257 1522 315 1568 tens
340 1505 434 1581 filius,
458 1507 609 1588 negotium
633 1504 762 1565 exhiberi
783 1508 872 1587 patri3
892 1507 1041 1571 accurrisse
1060 1510 1129 1574 Ro⁴

260 1604 343 1664 nam,
371 1590 404 1653 &
424 1608 491 1650 eum
507 1589 601 1670 prima
619 1586 683 1646 luce
701 1586 856 1667 Pomponii
873 1587 994 1652 domum
1014 1592 1126 1657 venisse

260 1664 364 1731 uritur:
381 1670 429 1731 cui
449 1688 540 1752 quum
566 1665 635 1727 effer
657 1668 841 1743 nuntiatum
863 1671 942 1750 qubd
964 1673 1047 1736 illum
1067 1676 1126 1743 ira·.

260 1761 308 1809 tura
324 1750 475 1812 allaturum
491 1750 527 1810 ad
548 1747 578 1809 se
594 1749 702 1830 aliquid
722 1766 824 1809 contra
863 1771 954 1813 atrem
973 1757 1127 1817 arbitrare-
1191 1789 1196 1800 ·

260 1844 312 1906 tut,
327 1832 449 1894 surrexit
460 1852 476 1891 e
486 1829 610 1906 heiulo,
621 1827 798 1910 remotisque
811 1771 938 1907 arbitris,
953 1834 990 1895 ad
1009 1835 1039 1896 se
1057 1837 1127 1898 ado·

259 1907 395 1976 ltsrentem
407 1913 490 1993 justit
502 1912 614 1973 venire.
627 1910 668 1971 At
684 1911 753 1982 ille,
773 1927 806 1971 ut
823 1911 961 1994 ingressus
972 1913 1034 1988 est,
1054 1938 1128 1978 con·

259 1988 336 2057 lesdm
354 1994 485 2078 gladium
500 1990 666 2065 destrinxit,
683 1989 870 2087 juravitque,
889 1991 918 2053 se
937 1994 1018 2057 illum
1033 1995 1129 2059 statim

258 2071 477 2145 interfecturum,
503 2075 558 2135 nisi
570 2072 769 2155 jusjurandum
785 2073 841 2134 arbi
859 2071 1004 2150 dedisset,
1025 2075 1054 2139 se
1076 2099 1128 2160 pa·

256 2169 314 2220 trem
330 2155 447 2221 millum
465 2155 522 2218 esse
540 2153 700 2216 safiurume
720 2152 845 2233 juravit,
867 2154 925 2216 hoc
942 2156 1055 2220 coaslus
1067 2178 1129 2231 terq

255 2239 309 2301 r'ore
328 2240 538 2321 Pomponius:
558 2255 622 2297 rem
641 2236 678 2296 ad
722 2235 844 2316 opulum
863 2237 984 2302 detulit:
1004 2241 1104 2305 docuit
1114 2256 1129 2321 ,’

253 2322 358 2383 turribi
375 2321 462 2382 causa
473 2316 610 2381 desistere
619 2257 732 2380 necesle
745 2314 834 2379 eslet:
856 2318 999 2385 Manlium
1011 2324 1128 2388 millum

252 2397 311 2464 serit
329 2423 338 2462 t
359 2402 480 2463 tautirnt
503 2398 685 2481 temporibus
704 2398 761 2458 illis
782 2397 979 2478 jusjurandum
1001 2407 1129 2469 valebat.

251 2482 343 2565 Atque
363 2485 411 2545 ltic
431 2480 470 2553 T.
485 2480 612 2542 Manlius
632 2480 657 2539 is
669 2477 726 2549 est,
743 2483 792 2561 qui
810 2482 847 2541 ad
863 2483 1007 2546 Anienem
1023 2486 1130 2565 Galli,·

251 2584 330 2646 quem
351 2565 389 2628 ab
409 2584 447 2624 eo
469 2578 645 2642 provocatus
667 2560 832 2633 occiderat,
853 2579 959 2644 torque
978 2566 1127 2642 detraslo‚

248 2645 542 2789 gggsrromenfljnrergi‘t
552 2721 568 2782 f
594 2639 675 2737 cujus
701 2643 787 2703 tertio
808 2643 955 2739 consulatu
976 2645 1072 2742 l⁴³tl¹¹i
1088 2650 1128 2711 aul

247 2747 515 2953 ιὲἓὲῗιιιῖξὲι,
535 2732 1128 2886 nlllljtlsslsallustius}

245 2912 273 2952 ur
314 2893 396 2956 lium.

282 2969 414 3034 XXXII.
433 2965 508 3042 seu,
520 2982 552 3029 ut
566 2964 726 3027 laudandus
736 2964 866 3049 Regulus
882 2968 912 3028 in
927 2968 1128 3039 conservando

244 3049 449 3135 jurejurando,
474 3052 516 3111 sic
534 3049 640 3110 decem
660 3047 701 3106 illi
710 3077 724 3118 ‚·
751 3059 826 3129 quos
854 3048 918 3129 poll
942 3050 1126 3119 Cannensem

245 3157 282 3218 pu
303 3153 373 3196 natu
402 3130 512 3211 jurator
538 3131 574 3190 ad
602 3128 729 3189 senatum
755 3131 833 3189 mitit
858 3131 1012 3208 Annibal,
1041 3138 1070 3198 se
1096 3140 1127 3198 in

244 3157 335 3279 calta
353 3214 499 3278 redituros
520 3230 570 3286 ea,
598 3228 724 3293 quorum
738 3212 825 3292 potiti
844 3230 926 3286 erant
952 3214 1050 3291 Poeni,
1071 3219 1128 3312 nisi

274 3360 413 3414 tlensium
424 3358 533 3423 sacrata.
558 3353 632 3423 Leges
649 3355 671 3407 iu
704 3354 777 3416 securi
794 3353 855 3409 feriri
874 3355 955 3420 iussit.
979 3359 1035 3424 quin
1052 3358 1130 3423 trjnttn

244 3426 403 3478 montesacro
416 3422 671 3487 lutaeinterpatrtcios,
703 3419 745 3494 ¹suo
756 3424 898 3488 pugnaverat
915 3437 967 3475 cun
985 3423 1066 3483 holle,
1082 3439 1129 3480 tu·

243 3491 388 3558 &plebeios
401 3488 575 3540 tumultuantes.
702 3501 739 3552 rur
756 3485 782 3541 δι
800 3488 877 3542 ottiti
892 3486 964 3555 spolia
979 3488 1098 3546 retulerat.

272 3572 290 3610 2
311 3553 413 3609 Severus
432 3556 459 3605 in
474 3552 564 3622 filium.
589 3550 669 3620 Quem
1091 3595 1104 3617 ,

895 3635 957 3724 Gn
