2817 4267
296 389 358 472 278
532 385 972 466 Tuscunanariorr'

298 491 432 637 fugnog⁴
445 489 515 576 quid
535 490 695 588 habet'lma
720 511 768 552 rea
787 509 838 589 aut
857 489 988 556 laetabile
1008 505 1056 554 ιιι
1068 490 1185 590 ‘glorio-
1204 441 1208 448 Ι

314 574 384 636 um?
435 595 470 634 ec
490 592 589 636 tamen
602 573 671 635 mrhr
694 571 760 635 sane
782 574 945 656 quidquam
964 593 1110 650 occurrat,
1130 595 1182 636 cur

297 677 359 717 non
381 655 556 738 Pythagora
584 653 619 716 lit
639 655 673 718 δι
699 653 826 716 Platonis
847 675 921 718 vera
936 655 1122 718 sententiar
1140 655 1182 718 Ut

296 741 376 799 enim
396 739 540 798 rationem
558 735 640 798 Plato
656 735 766 798 nullam
777 733 918 810 afferret,
938 735 954 816 ί
964 737 1060 814 vide,
1079 757 1098 798 a
1117 737 1181 820 quid

295 819 408 880 homini
423 816 576 900 tribuam)
604 816 670 899 ipsi
686 815 856 880 iuuentute
878 837 928 880 nte
948 817 1118 904 frangeret:
1143 833 1181 880 tut

296 919 396 960 autern
418 904 548 962 rationes
559 901 670 970 attulit,
688 915 721 960 ut
736 899 815 964 velle
827 902 954 972 emerit,
965 897 1114 964 finitent
1125 919 1182 982 pet·

292 979 410 1042 suasisse
428 983 573 1043 videatur.
924 973 935 1038 ’.

335 1061 434 1126 xxrl.
444 1063 502 1142 Sed
517 1063 635 1144 plurimi
645 1059 907 1136 contrlnituntur,
918 1061 1095 1144 animosque
1106 1059 1182 1142 quari

292 1147 393 1226 capite
412 1143 564 1206 damnatos
581 1162 678 1206 morte
695 1145 839 1204 multant:
852 1164 949 1226 neque
959 1143 1041 1210 aliud
1054 1143 1097 1206 est
1107 1143 1181 1226 quio

276 1221 402 1309 uuam,
424 1247 475 1288 cur
494 1224 672 1288 incredibilis
695 1227 741 1286 hia
759 1225 925 1288 animorum
938 1225 1078 1286 videatur
1099 1244 1181 1286 aeter·

293 1327 383 1383 nitas,
401 1311 456 1370 niti
481 1307 562 1391 quod
579 1324 750 1389 nequeunt,
770 1306 863 1389 qualis
892 1309 1007 1390 animus
1024 1307 1063 1368 ait
1079 1325 1179 1368 vacans
1217 1367 1220 1396 r

293 1410 443 1486 corpore,
475 1390 690 1486 intelligere&
717 1389 898 1470 cogitatione
918 1387 1179 1470 comprehendere,

292 1468 739 1634 3:13331343225233303
756 1553 807 1632 qui
816 1553 917 1614 locust
934 1569 988 1622 ut,
1000 1571 1026 1610 tr
1043 1571 1101 1630 jam
1113 1547 1178 1632 pol-

290 1631 391 1694 sentin
406 1635 524 1694 homine
537 1636 610 1693 vivo
625 1635 707 1694 cerni
723 1633 822 1693 omnia
832 1653 899 1715 quae
908 1651 991 1698 nunc
1006 1631 1081 1694 tecla
1097 1631 1179 1706 sunt,

290 1711 439 1774 casurusne
452 1715 482 1773 in
500 1712 689 1794 conspeclum
708 1713 841 1776 videatur
852 1715 987 1788 animus,
1004 1735 1043 1774 an
1054 1713 1178 1774 muniit

699 1469 772 1531 ualir
784 1471 821 1530 tit
832 1473 863 1531 in
873 1490 1002 1560 corpore
1010 1491 1024 1566 ξ
1036 1489 1184 1561 quacum.
1216 1495 1220 1500 ·

290 1791 354 1874 ejus
365 1795 507 1866 tenuitas,
525 1813 557 1858 ut
574 1793 664 1878 fugiat
680 1798 786 1856 aciem.
804 1795 877 1858 Hac
897 1812 1037 1878 reputent
1049 1793 1117 1870 isti,
1129 1793 1178 1876 qui
1209 1819 1220 1828 ·

288 1894 398 1958 negant
422 1878 551 1938 animum
583 1880 646 1939 sine
677 1895 805 1959 corpore
827 1875 856 1939 se
880 1867 1046 2020 intellifere
1071 1873 1176 1972 pollet

289 1960 455 2033 videbunt,
482 1977 572 2041 quem
590 1959 620 2019 in
642 1957 724 2055 .³P.s⁰.
744 1979 873 2056 corpote
902 1959 975 2020 intel
988 1974 1081 2042 rgunt.
1104 1955 1177 2018 Malu

288 2041 410 2121 quidem
441 2059 571 2102 naturam
604 2061 692 2102 anrmr
716 2054 863 2114 rutuenn',
905 2041 1005 2116 multo
1035 2037 1186 2102 difficilior·

289 2117 419 2184 occurrit
443 2124 605 2206 cogitatio,
633 2119 786 2203 multoque
809 2119 979 2194 obscurior,
1002 2121 1097 2203 qualit
1117 2121 1175 2182 ani·
1216 2147 1220 2152 ·

288 2221 354 2263 mus
377 2205 407 2264 in
429 2215 555 2285 corpore
573 2205 632 2275 sit3
654 2223 791 2284 tanquam
812 2205 914 2265 aliena
934 2203 1060 2279 domui,
1092 2203 1174 2298 quim
1215 2199 1221 2274 ‘2

288 2285 400 2363 qualis,
426 2285 493 2344 cirm
516 2287 619 2345 exierit
639 2287 671 2345 ὃ(
691 2289 721 2345 in
744 2286 868 2346 liberum
892 2286 1023 2358 coelum,
1052 2287 1133 2368 quasi
1147 2301 1174 2343 m

287 2367 409 2424 domum
424 2364 518 2434 suam,
539 2368 662 2425 venerit.
673 2365 702 2425 si
717 2369 795 2427 enim
806 2367 913 2449 squod
926 2387 1089 2447 numquam
1104 2366 1174 2426 vidi·

288 2467 371 2515 mus,
391 2446 421 2504 id
438 2446 522 2526 quale
541 2448 597 2516 sit,
623 2450 786 2529 intelligere
807 2470 866 2509 non
886 2448 1035 2531 possumus
1043 2472 1055 2524 ;
1081 2449 1175 2522 certe.

287 2528 320 2589 &
358 2525 456 2588 Deum
491 2527 585 2610 ipsum
620 2532 652 2591 δι
682 2532 815 2591 divinum
848 2535 976 2592 animum
996 2547 1025 2604 ,¹
1051 2547 1184 2612 corpore.

284 2610 473 2682 liberatum,
527 2612 705 2692 cogitatione
741 2611 895 2693 complecli
924 2632 985 2673 non
1017 2610 1174 2692 postumus.

286 2690 474 2754 Dicaearchus
502 2695 619 2771 quidem
648 2695 680 2753 &
712 2693 936 2766 Aristoxenus,
975 2695 1043 2773 quia
1073 2690 1176 2753 diffici-

286 2773 321 2832 lis
351 2792 410 2834 erat
440 2775 528 2834 animi
559 2774 631 2855 quid
669 2794 718 2834 aut
752 2777 842 2855 qualis
869 2774 938 2836 effer
962 2775 1177 2856 intelligentia,

285 2855 398 2915 nullum
417 2857 538 2915 omnino
561 2859 689 2919 animum
708 2856 764 2917 ess'e
782 2858 927 2917 dixerunt.
947 2854 996 2915 Est
1021 2857 1094 2917 illud
1114 2858 1176 2938 qui·

285 2936 354 2996 dem
387 2936 436 2995 vel
466 2938 646 3008 martimum,
676 2940 775 2999 animo
803 2938 865 3019 ipso
891 2940 1022 2997 animum
1050 2939 1176 3011 videre;

285 3019 318 3080 &
340 3020 474 3077 nimirum
502 3018 573 3078 hunc
601 3020 687 3078 habet
709 3022 769 3080 vim
802 3039 981 3101 praeceptum
1006 3017 1177 3101 Apollinis,

285 3120 344 3179 quo
360 3119 482 3173 monet,
506 3103 546 3159 Ut
556 3100 588 3178 se
604 3102 717 3181 quisque
735 3101 848 3180 noscat:
868 3123 928 3161 non
949 3101 1046 3173 enim,
1067 3104 1175 3173 credo,

284 3182 314 3240 id
329 3184 478 3263 praecipit‚
494 3200 524 3240 ut
538 3184 668 3244 membra
681 3182 776 3244 nostra
793 3204 841 3245 aut
857 3182 993 3244 staturam
1012 3181 1174 3261 figuramve

283 3264 458 3336 noscamu53
488 3284 585 3343 neque
612 3287 665 3326 nos
689 3288 814 3347 corpora
844 3266 961 3339 sumus;
990 3284 1087 3344 neque
1117 3285 1175 3347 ego

285 3345 336 3406 tibi
347 3347 408 3407 haec
419 3346 912 3429 dicens,corporituodicotcium
923 3347 1177 3430 igitur‚Nosceae,

318 3490 328 3523 r
345 3474 378 3522 Ue
389 3514 394 3528 .
407 3473 512 3539 quamuis
521 3510 528 3531 .
538 3474 614 3538 quand
625 3476 712 3526 mine.
744 3479 796 3528 bien
808 3476 844 3539 j’ai
861 3477 891 3532 de
902 3477 989 3545 respell
1007 3491 1069 3545 pour
1078 3492 1108 3534 ct
1119 3476 1177 3538 Plri-¹

315 3553 331 3587 2
345 3540 410 3606 Quid
419 3541 509 3591 homini
516 3540 632 3605 tribuum,
643 3554 711 3594 com·
744 3542 852 3609 {Olophe-
