2817 4267
283 393 394 481 ml
558 405 901 470 hannon}

292 553 1106 616 ²*-

472 661 854 732 Pnrtnooxott
892 669 963 738 Vl.

374 803 437 866 0''.·t
457 803 547 882 pisse
569 801 583 861 i
605 801 690 874 mi,-
711 799 853 870 obisset.

372 887 394 948 S
396 889 467 946 oltttn
475 883 624 964 sapientem
642 881 689 962 effe
710 885 833 946 divitem.

273 1023 430 1185 lQuffi
457 1091 499 1152 est
518 1087 567 1151 illa
593 1090 622 1148 in
644 1093 901 1153 commemoranda
922 1099 1043 1174 pecunia
1065 1117 1076 1156 t
1096 1103 1135 1156 tui

271 1197 332 1237 tarn
355 1176 476 1238 insolens
496 1171 674 1233 ostentatio?
698 1169 810 1231 solusne
837 1193 869 1234 ttt
890 1175 996 1239 dives?
1025 1177 1136 1239 Prohdii

272 1258 470 1320 irntnorttles!
492 1272 586 1334 egone
604 1270 650 1310 sne
669 1271 686 1308 2
706 1251 845 1314 audivisse
867 1255 997 1337 aliquid,
1023 1262 1052 1322 ἂ
1073 1259 1135 1318 ‹litli-

270 1339 356 1414 ciffe,
384 1359 442 1398 non
465 1332 624 1417 gaudeam?
642 1329 764 1392 Solusne
784 1353 815 1392 tu
834 1336 946 1399 clives?
969 1339 1052 1418 Quid
1067 1343 1089 1398 si
1105 1355 1135 1398 te

269 1422 354 1479 dives
375 1417 514 1499 quidem?
536 1415 605 1496 quid
635 1415 658 1471 si
680 1433 792 1494 pauper
813 1415 922 1475 etiarn?
951 1419 1051 1500 Quem
1071 1421 1135 1479 enim

269 1502 456 1581 intelligimus
486 1493 632 1555 divitem?
652 1513 721 1564 aut,
747 1495 803 1554 hoc
826 1496 972 1574 verbum,
1040 1503 1136 1580 inquo

250 1582 386 1640 homine
401 1577 555 1655 ponimus?
574 1576 679 1654 opinor
689 1577 718 1633 in
733 1593 770 1634 eo
780 1617 790 1646 ‚
800 1578 846 1635 cui
858 1596 937 1640 tanta
947 1523 1085 1662 poliessio
1095 1577 1135 1650 el,

265 1677 298 1718 ttt
320 1663 355 1719 atl
379 1658 533 1717 liberaliter
555 1656 717 1714 vivendum
737 1654 821 1716 facile
845 1677 1001 1721 contentus
1017 1665 1053 1721 sit
1061 1683 1072 1734 ;
1095 1659 1136 1742 qui

266 1741 336 1799 nihil
355 1756 479 1822 quaerat,
498 1736 569 1795 nihil
586 1753 722 1816 appetat,
742 1736 811 1795 nihil
825 1757 909 1818 optet
927 1743 1060 1822 amplilts.
1080 1741 1137 1802 Ani·

264 1842 330 1880 mus
350 1837 469 1902 oportet
490 1837 554 1877 tuus
574 1835 603 1877 te
624 1817 734 1895 judicet
753 1816 894 1890 divitem,
914 1844 975 1882 nott
999 1824 1136 1884 hominnm

264 1901 379 1973 sermo,
398 1920 493 1983 neque
515 1897 707 1980 pollessiones
719 1915 777 1955 tuae
793 1919 801 1958 ε
820 1901 893 1958 nihil
914 1904 971 1963 sibi
990 1903 1136 1986 deeffept

264 2003 328 2056 tet,
354 1985 424 2043 nihil
451 1999 531 2041 curet
547 1978 676 2059 ampliits.
697 1976 820 2037 Satiatus
835 1979 898 2052 est,
921 2003 972 2044 aut
996 1991 1137 2047 contentos

265 2069 352 2125 etiam
375 2062 520 2146 pecuniis*
543 2059 697 2130 concedo,
720 2059 804 2118 dives
817 2081 847 2119 es
860 2081 868 2118 ε
892 2065 936 2122 sin
948 2083 1046 2128 autem
1058 2087 1137 2150 prop·

263 2165 310 2205 ter
323 2149 491 2205 aviditatem
512 2142 641 2219 pecuniae
661 2139 771 2199 nullum
788 2141 929 2279 patellam
950 2163 1066 2228 turpem
1087 2167 1137 2230 pu.

263 2243 324 2296 tas,
340 2246 428 2304 quum
448 2246 467 2294 4
486 2222 528 2278 illi
547 2222 642 2279 ordini
660 2241 696 2279 ne
709 2222 785 2279 hone
813 2243 845 2280 us
856 2224 975 2303 quidem
988 2233 1078 2307 possit
1089 2227 1137 2290 elle

263 2307 358 2363 ullus:
379 2308 402 2363 si
415 2302 545 2383 quotidie
559 2300 687 2368 fraudas,
706 2302 835 2380 decipis,
854 2303 968 2383 poscis,
982 2308 1137 2386 pacisceris,

263 2384 378 2453 aufers,
400 2383 503 2461 eripis:
525 2384 547 2438 si
565 2380 658 2440 socios
681 2380 804 2459 spolias,
825 2387 955 2444 aerarium
978 2391 1138 2469 expi125251

262 2465 433 2528 testamenta
447 2466 605 2522 amicorum
618 2461 781 2540 exspeltas,
800 2481 848 2521 aut
859 2485 896 2524 ne
911 2466 1073 2546 exspoihs,
1086 2473 1140 2556 qui.

264 2551 351 2619 dem,
371 2565 398 2605 at
428 2542 487 2625 ipse
506 2542 661 2623 supponis3
681 2545 741 2601 haec
772 2545 866 2602 utrittn
886 2549 1084 2623 abundantis,
1106 2574 1139 2612 att

262 2632 373 2710 egentis
386 2630 465 2709 signa
476 2624 558 2684 sunt?
581 2625 703 2682 Animus
723 2625 867 2696 hominis,
887 2627 991 2703 dives,
1005 2653 1065 2692 non
1082 2655 1139 2694 arca

261 2711 401 2792 appellari
423 2709 508 2766 solet:
531 2706 662 2785 quamvis
684 2703 731 2762 illa
752 2707 789 2763 sit
811 2707 914 2785 plena,
940 2710 1009 2772 dum
1031 2730 1061 2773 te
1082 2717 1141 2775 ina·

262 2814 331 2851 nem
354 2791 481 2854 videbo,
503 2789 622 2845 divitem
645 2805 704 2842 non
727 2787 860 2863 putabo:
887 2795 997 2850 etenim
1022 2814 1060 2853 ex
1086 2816 1141 2871 eo,

262 2892 399 2954 quantum
418 2873 521 2947 cuique
538 2866 602 2924 latis
618 2864 678 2935 est,
702 2868 857 2927 metiuntur
875 2870 1008 2933 homines
1031 2877 1142 2937 divitit-

261 2974 326 3011 tum
346 2951 476 3009 modum.
505 2948 604 3007 Filiam
628 2949 690 3025 quis
714 2946 823 3005 habet?
853 2952 976 3028 pecuniit
998 2954 1042 3015 est
1060 2978 1142 3037 opus.

263 3032 362 3092 Duas?
376 3030 495 3108 majore.
509 3026 628 3087 Plures?
647 3025 757 3101 maiore
778 3031 872 3089 etiarn.
892 3030 928 3090 Et
946 3034 990 3106 si,
1014 3055 1046 3096 ut
1066 3041 1142 3100 aium

261 3112 376 3183 Danai,
405 3105 608 3191 qulnquaginta
630 3109 686 3165 sint
704 3105 792 3181 filiae;
823 3128 868 3170 tot
896 3113 982 3173 dotes
1010 3137 1142 3200 magnam

293 3256 305 3292 1
327 3239 371 3301 Ista
394 3252 441 3284 tom
461 3236 561 3297 insolens
586 3235 682 3292 ostento·
715 3247 797 3285 eorum
814 3235 911 3301 scriptis.

257 3310 302 3357 tio.
320 3307 354 3355 Ad
369 3303 401 3353 hl.
415 3302 515 3351 (Irallttnl
526 3298 622 3350 divilent
632 3312 683 3348 ora·
750 3314 761 3362 3
790 3299 818 3347 In
841 3320 884 3365 quo
902 3303 995 3355 bomine
1009 3313 1141 3374 ponimns?

259 3385 346 3422 tonent
361 3369 445 3431 dirigit.
716 3363 753 3415 De
771 3380 818 3429 qvo
830 3367 925 3417 homine
940 3371 1058 3425 dicimus?

290 3453 305 3486 2
328 3433 443 3497 Aodivt'fft
466 3429 566 3495 aliquid.
590 3427 650 3477 Nem
669 3442 683 3478 e
748 3447 765 3492 4
787 3429 827 3488 Isti
842 3433 930 3483 ordini.
949 3436 1093 3507 Senatmio,
1114 3455 1142 3496 ῃ

256 3513 269 3551 o
288 3499 440 3564 plrioiopltis.
465 3495 497 3544 Et
516 3489 627 3562 didiciffe.
715 3508 764 3563 qut>
784 3508 835 3547 erat
854 3495 953 3555 Crassus.
