2817 4267
568 366 666 431 Lts
686 386 703 432 s
724 387 747 430 tt
785 368 853 429 V.¹
1069 385 1132 451 3⁸7·

289 470 448 534 XXXVII.
478 470 663 554 Contempto
692 476 777 554 igitur
795 472 930 545 honore,
960 471 1131 551 contempta

248 556 335 615 etiam
348 553 489 633 pecuniis,
503 556 573 634 quid
584 558 771 634 relinquitur,
790 554 868 634 quod
884 552 1129 615 extimescendum

248 638 305 695 sit?
331 634 472 706 Exilium,
496 638 603 695 credo:
622 638 700 717 quod
716 640 743 695 in
760 637 891 695 maximis
908 634 989 693 malis
1007 636 1131 697 ducitur·

246 716 282 776 ld
293 720 317 777 si
332 735 452 797 propter
471 716 611 784 alienam,
633 719 665 778 &
678 715 816 780 offensam
828 717 929 797 populi
949 715 1128 775 voluntatem

246 799 355 857 malum
375 796 445 858 est:
472 799 556 877 quim
578 800 614 856 sit
640 820 675 859 ea
695 797 929 867 contemnenda,
950 797 1036 875 pauli>
1059 795 1127 855 anth

246 876 354 943 diilnm
374 876 424 937 est.
454 877 503 938 Sin
528 878 622 938 abesse
641 878 657 940 a
676 882 766 960 patria
785 878 919 952 miserum
939 876 1007 948 est,
1031 877 1127 957 plenae

244 959 414 1019 miserorum
432 962 589 1041 provinciae
604 960 686 1020 sunt:
703 982 739 1020 ex
754 961 857 1042 quibus
871 959 1030 1019 admodum
1043 958 1128 1037 pauci

244 1042 274 1099 in
298 1043 418 1116 patriam
440 1061 633 1104 revertuntur.
665 1042 707 1104 At
727 1042 895 1102 mulsiantttr
911 1041 997 1100 bonis
1016 1038 1129 1099 exules.

246 1120 331 1198 Quid
350 1120 432 1181 tum?
455 1125 593 1203 partimne
615 1125 705 1182 multa
727 1125 764 1186 de
784 1123 934 1184 toleranda
956 1138 1128 1203 paupertate

198 1258 200 1262 .
246 1203 401 1263 dicuntur?
422 1203 485 1265 Jam
500 1206 572 1264 veri>
593 1206 729 1276 exilium,
750 1206 774 1264 si
792 1226 888 1264 rerum
898 1222 1046 1274 naturam,
1064 1221 1127 1261 non

244 1285 434 1363 ignominiam
461 1287 586 1345 nominis
607 1288 778 1366 quaerimus,
809 1305 946 1367 quantum
969 1282 1131 1345 demumi

242 1383 384 1447 perpetua
410 1369 641 1447 peregrinatione
667 1365 785 1427 dissert?
807 1370 836 1427 in
860 1389 915 1449 qua
943 1383 1041 1426 aetates
1063 1361 1126 1426 suaa

243 1446 410 1527 philosophi
437 1446 599 1507 nobiliffimi
628 1448 888 1529 consumpserunt,
921 1446 1125 1518 Xenocrates,

242 1524 1152 1610 Crantor,Arcesilasdacydes,Aristoteles,Theophrastus,¹
1211 1566 1218 1586 t

243 1609 340 1681 Zeno,
359 1607 535 1683 Cleanthes,
554 1609 739 1693 Crysippus,
754 1614 929 1693 Antipater,
945 1608 1128 1682 Carneades,

241 1689 405 1763 Panaetius,
428 1690 650 1767 Clitomachus,
675 1695 777 1770 Philo,
799 1693 981 1765 Antiochus,
1001 1689 1126 1752 Posido·

241 1772 330 1845 nius,
362 1773 584 1834 innumerabiles
604 1777 671 1836 alii:
695 1778 745 1857 qui
775 1774 864 1836 semel
887 1775 1014 1857 egressi,
1046 1794 1124 1833 nun·

241 1873 330 1934 quarn
350 1853 468 1917 domum
489 1876 679 1918 reverterunt.
699 1860 740 1918 At
756 1861 832 1917 enim
849 1858 974 1916 nouerit
994 1857 1058 1914 sine
1077 1857 1124 1935 ig·

239 1936 381 1995 nominis.
410 1935 570 2017 ignominia
595 1937 708 1999 afficere
739 1941 846 2019 poterit
869 1935 1049 2018 sapientem?
1073 1935 1125 1999 De

202 2049 207 2062 ·
240 2015 368 2097 sapiente
380 2020 458 2078 enim
471 2020 532 2080 haec
543 2022 636 2080 omnis
652 2023 747 2082 oratio
764 2020 822 2098 ell3
834 2043 854 2094 4
869 2022 914 2079 cui
927 2018 988 2097 jure
1002 2016 1031 2075 id
1044 2018 1124 2078 acci·

240 2099 312 2160 dere
328 2121 387 2157 non
413 2105 525 2177 possit:
546 2123 612 2162 nam
635 2100 698 2182 jure
716 2103 877 2163 exulantem
897 2098 1040 2173 consolari
1061 2118 1123 2157 non
1205 2150 1207 2153 Α

241 2199 370 2261 oportet.
392 2178 541 2252 Postremi)
561 2184 597 2256 ad
622 2203 725 2244 ornnes
745 2181 974 2243 casusstcillima
994 2180 1066 2240 ratio
1079 2177 1124 2239 est
1184 2257 1186 2264 Ι

240 2281 363 2335 eorum,
381 2264 429 2343 qui
444 2263 480 2324 ad
492 2265 676 2343 voluptatem
696 2286 731 2324 ea
746 2263 876 2330 referunt
884 2307 894 2334 ,
915 2283 978 2343 quae
998 2260 1123 2341 sequun-

238 2360 286 2401 tur
302 2345 330 2401 in
347 2343 423 2416 vita,
441 2364 673 2426 ut,quocunque
690 2348 752 2406 haec
772 2348 841 2408 loco
858 2344 1061 2424 suppeditent,
1080 2341 1122 2402 ibi

237 2422 323 2483 beate
340 2420 444 2504 queant
456 2427 566 2489 vivere.
583 2427 683 2508 Itaque
695 2429 731 2488 ad
747 2448 867 2490 omnem
885 2429 1027 2487 rationem
1036 2416 1121 2486 Teu·

237 2506 280 2565 cri
298 2526 356 2565 vox
377 2510 592 2574 accommodari
614 2508 729 2589 potest,

347 2636 446 2695 Patria
468 2638 521 2718 ess,
554 2637 712 2718 ubicumque
731 2638 766 2718 est
789 2639 864 2698 bene.

235 2761 371 2822 Socrates
396 2764 515 2845 quidem
532 2766 599 2825 cirtn
620 2780 788 2846 rogaretur,
804 2763 929 2846 cuiatem
948 2763 977 2823 se
997 2761 1054 2824 el'se
1073 2731 1119 2823 diss

234 2862 332 2914 cerer,
347 2848 536 2919 Mattianum,
555 2848 668 2927 inquit:
686 2850 774 2908 totius
789 2848 864 2907 enirn
875 2847 975 2906 mundi
993 2844 1022 2905 se
1032 2848 1117 2905 inco-

235 2926 311 2995 lam,
329 2928 361 2988 &
378 2929 473 2990 civem
488 2928 684 2990 arbitrabatur.
697 2928 783 3009 Quid
799 2926 984 2988 T.Albutius
994 2926 1006 2987 ?
1017 2947 1117 2998 nonne

237 3026 250 3066 1
272 3009 374 3101 'animo
397 3011 562 3149 aguipsimo
586 3009 709 3072 Athenis
739 3010 806 3106 exul
835 3007 1119 3106 philosophabatur?

233 3091 676 3263 {lisinistantilli}
692 3089 1118 3255 {illaesibilis}

231 3266 290 3313 tior
302 3250 464 3331 Epicurus,
485 3253 566 3333 quod
585 3255 615 3314 in
636 3256 726 3336 patria
742 3255 882 3331 vivebat,
904 3255 990 3340 quim
1002 3253 1114 3317 Metro·

265 3378 337 3451 4ςαὶ
350 3378 402 3454 inre
413 3371 428 3439 ,’
443 3380 494 3431 dcc.
511 3378 558 3457 Ι[αἱ
572 3381 611 3455 qui
627 3395 656 3433 ne
720 3379 831 3457 tarino
841 3383 974 3453 aquiffirno.
985 3384 1114 3438 Funtrtn·

230 3456 380 3561 grettppamats
391 3444 440 3498 erre
450 3444 517 3498 banni
528 3445 658 3513 quintulle·
687 3446 823 3514 tulmen.
