2817 4267
466 386 956 452 ursnnunnrnss
1078 407 1138 476 tr,

245 489 1140 659 tultifflffliittluitullus:

250 679 323 734 eret,
347 657 461 738 affequi
482 655 575 738 pollet
586 676 597 731 ;
625 655 657 718 dc
678 672 802 735 tamen3
817 657 892 714 muri
906 655 1019 717 causam
1039 679 1139 740 oppo·

250 737 297 803 init
317 739 452 822 speciem
467 737 628 800 honestetis
645 755 742 817 neque
761 735 963 818 probabilem,
985 758 1082 818 neque
1094 739 1140 802 sa·

253 821 453 882 isidoneam.
477 818 616 881 Peccavit
633 815 746 900 igitur,
773 837 795 893 4
823 836 896 898 pnce
921 819 973 882 vel
998 817 1138 901 Quirini,

254 903 294 965 vel
314 902 443 966 Romuli
462 901 598 962 dixerim.
754 965 757 970 ,
1039 971 1043 976 ¹

286 1004 335 1060 4²·
356 984 429 1046 Nec
446 999 545 1044 remen
568 978 673 1042 nostre
692 978 780 1039 nobis
803 979 943 1041 utilitates
965 983 1137 1047 omittenda

255 1059 324 1138 lunt,
342 1066 467 1146 aliisque
479 1062 647 1133 tradenda,
668 1081 759 1142 quum
779 1059 824 1122 his
840 1062 896 1140 ipsi
915 1065 1136 1144 egeamuszsed

257 1144 301 1207 lue
322 1149 432 1228 cuique
453 1145 590 1218 utilitati,
618 1144 699 1222 quod
720 1144 782 1202 sine
803 1141 921 1204 ulterius
943 1141 1044 1225 injuria
1062 1144 1136 1223 fier,

255 1225 432 1290 serviendum
451 1226 503 1288 est.
516 1225 595 1286 scire
606 1222 815 1304 Chrysippus,
830 1242 862 1282 ut
877 1224 986 1286 multa:
1006 1225 1137 1306 Quilia-

255 1307 326 1370 dium
338 1355 348 1384 ,
360 1309 474 1392 inquit,
492 1310 597 1378 currit,
612 1307 681 1366 eniti
695 1305 917 1368 &contendere
929 1306 1037 1378 debet,
1048 1307 1136 1388 quim

253 1392 371 1451 menime
393 1391 505 1472 possit,
527 1407 559 1448 ut
577 1391 694 1460 vincet3
712 1384 895 1466 supplantare
914 1406 998 1458 eunt,
1017 1392 1137 1470 quicum

252 1491 356 1544 terret,
377 1490 427 1532 aut
447 1491 536 1532 manu
554 1469 724 1551 depellere,
747 1467 830 1528 nullo
851 1467 944 1529 modo
963 1470 1072 1532 debet:
1093 1473 1137 1533 sic

251 1551 412 1614 invitasibi
428 1569 578 1633 quemque
597 1569 697 1630 petere
707 1593 717 1619 ,
729 1549 814 1629 quod
824 1552 966 1631 pertineat
982 1551 1019 1612 ad
1033 1550 1135 1629 usum,

250 1636 459 1714 non-iniquum
477 1632 540 1714 eiij
563 1630 819 1710 alterideripete,
838 1630 884 1710 jus
901 1632 1032 1696 nonest.

284 1734 332 1796 43.
359 1714 495 1776 Maxime
515 1731 613 1775 autem
633 1714 837 1791 perturbantur
853 1711 951 1775 officia
975 1717 1007 1778 in
1029 1716 1133 1778 amici·

247 1795 566 1959 lillliilsl
582 1793 948 1955 {illliiuirquiiiiii
975 1798 1131 1939 illul

246 1955 299 2020 Sed
313 1958 401 2038 hujus
423 1960 538 2041 generis
552 1958 659 2028 totius,
679 1958 772 2015 breve
792 1957 825 2017 dt
840 1976 901 2015 non
918 1953 1037 2018 difficile
1054 1978 1131 2038 pre·

246 2059 360 2122 ceptum
379 2037 435 2102 est.
454 2037 533 2118 Quae
552 2039 631 2098 enim
646 2036 782 2096 videntur
799 2038 899 2106 utilia,
917 2035 1064 2111 honores,
1085 2039 1133 2098 di-

246 2124 334 2198 nna,
357 2122 549 2199 voluptates,
573 2131 671 2178 cetere
684 2116 802 2199 generis
814 2114 963 2197 ejusdem,
983 2117 1045 2179 haec
1060 2121 1132 2181 ami·

246 2204 312 2265 citie
340 2222 506 2285 numquam
527 2199 732 2280 anteponenda
751 2196 826 2258 sunt.
850 2198 892 2258 At
910 2218 1007 2282 neque
1027 2218 1131 2264 contre
1160 2200 1164 2206 ’

247 2285 454 2364 rempublicam
467 2307 484 2358 ,¹
502 2302 598 2361 neque
620 2299 722 2340 contra
744 2276 943 2358 jusjurandum
964 2302 997 2342 ac
1018 2280 1130 2360 fidem,

247 2369 324 2428 mici
343 2367 456 2437 causi,
481 2365 528 2422 vir
550 2365 644 2422 bonus
666 2360 770 2432 facien
792 2380 830 2420 ne
853 2364 877 2420 si
896 2360 986 2440 judex
1007 2366 1130 2446 quidem

247 2448 292 2508 erit
304 2446 422 2526 deipso
434 2446 548 2505 antico:
566 2444 650 2525 'ponit
664 2444 744 2501 enim
755 2441 906 2520 personam
915 2446 1020 2519 enrici,
1035 2467 1128 2528 quum

247 2525 331 2591 induit
345 2527 463 2611 judicis.
474 2524 603 2584 Tantum
621 2523 701 2583 debit
720 2524 873 2595 amicitiae,
884 2541 917 2582 ur
929 2545 1029 2586 veram
1040 2529 1128 2589 amici

246 2608 353 2670 musam
373 2605 433 2669 effe
456 2605 555 2679 malit;
575 2606 607 2667 &
626 2622 658 2664 ut
677 2605 795 2664 or'andae
812 2604 856 2664 liti
875 2621 1009 2686 tempus,
1027 2608 1128 2689 quoad

245 2707 293 2770 per
313 2693 398 2773 leges
415 2689 520 2759 liceat,
539 2685 762 2746 'accommoden

283 2793 334 2849 44.
353 2770 462 2852 Quum
479 2768 552 2828 veri>
568 2766 663 2848 jurato
683 2765 824 2826 sententia
843 2764 966 2826 dicenda
983 2766 1038 2840 sit;
1060 2788 1126 2831 me·

246 2853 379 2926 minent,
405 2851 493 2912 deum
514 2848 543 2908 se
565 2849 702 2909 adhibere
726 2847 851 2919 testem,
879 2847 909 2906 id
931 2845 971 2907 est
993 2846 1048 2931 (ut
1066 2870 1128 2934 ego

246 2931 389 3012 abitror)
462 2938 591 2991 mentem
618 2931 717 3002 sunm,
741 2930 799 3010 qui
816 2929 889 2989 nihil
910 2929 1021 2991 homini
1044 2931 1128 2997 dedit

247 3013 313 3077 deus
326 3013 391 3098 ipse
408 2952 545 3075 divinius.
564 3010 852 3103 lttquepraeclarum
868 3032 884 3071 a
901 3003 1058 3092 majoribus
1078 3037 1127 3079 ac·

247 3097 371 3178 cepimus
390 3115 506 3155 morem
525 3095 645 3175 rogandi
666 3093 787 3173 pudicis,
806 3094 917 3154 sicum
938 3112 1125 3171 teneremus,

275 3211 287 3263 3
298 3199 368 3250 Muri
378 3199 594 3263 rcnlcmopposuir.
604 3197 667 3262 Qu'n
700 3196 763 3261 plura
773 3195 874 3256 eiusdem
885 3197 932 3246 divi
944 3200 1036 3250 nominc
1048 3214 1124 3250 enun-

247 3259 344 3326 llenus,
366 3264 468 3316 ludibrio
495 3263 585 3323 iratus,
604 3262 668 3314 ubis
699 3263 771 3316 riute.
783 3261 898 3314 Romulus
909 3263 1126 3329 nutemponquanr

247 3339 328 3381 nurum
348 3329 497 3382 transilierat.
701 3327 723 3377 in
736 3327 794 3378 cleos
806 3328 889 3378 relatus
900 3326 947 3383 cll,
964 3340 1063 3379 vocatus
1074 3328 1124 3392 eil,

276 3394 371 3452 4Paecc
387 3393 428 3444 ssl
446 3392 545 3464 Quirini
561 3390 600 3441 vel
612 3390 666 3440 Ro·
701 3392 823 3459 Qulrlnus.

249 3457 608 3520 munsuinusuuplitantiun
618 3470 670 3508 nos
738 3453 1127 3524 5Menremfiram.Couicieutitnr.

250 3533 308 3590 ctat,
333 3539 365 3581 uc
384 3526 408 3580 in
428 3523 524 3579 nomine
548 3532 672 3588 errarent,
