2817 4267
314 417 379 503 ⁸3⁶
545 411 966 482 Tuscunatrnurt

313 523 545 596 verecundiam,
565 526 823 596 exercitationem,
842 523 1206 607 consuetudinemquepn

314 609 429 678 tiendi,
453 625 598 686 precepta
619 597 821 675 fortitudinis,
846 606 982 663 duritiam
999 608 1140 666 virilem:
1159 608 1201 667 sed

314 689 374 747 nni
391 687 420 747 se
439 689 509 745 dreit
528 683 769 759 recordatione4
790 686 975 765 acquiescere
997 690 1202 767 preteritarum

314 769 518 849 voluptatum:
537 785 570 826 nt
586 769 609 825 si
621 771 686 847 quis
696 767 835 839 estuans,
852 769 920 825 clrm
940 770 1004 826 vim
1022 770 1132 829 caloris
1148 789 1200 829 nou

314 847 397 908 sacile
410 851 551 927 patiatur,
571 850 720 908 recordari
732 849 819 914 velit,
842 846 872 906 se
885 848 1048 929 aliquando
1063 851 1096 909 in
1117 849 1202 932 Arpi·

312 931 374 991 nati
389 929 490 989 nostro
503 931 606 1010 gelidis
623 928 790 989 fluminibus
806 928 1013 989 circumfusum
1034 929 1139 990 suisset
1149 901 1232 1024 nous':

313 1012 394 1071 enim
408 1011 497 1071 video
509 1056 518 1078 ,
533 1030 594 1091 quo
610 1011 702 1070 modo
716 1008 814 1069 sedare
827 1012 943 1089 possint
958 1009 1036 1069 mala
1053 1010 1199 1092 prasentia

314 1094 466 1173 praterirae
479 1094 656 1171 voluptates.
663 1089 723 1150 Sed
738 1093 804 1148 clim
819 1093 844 1148 is
856 1091 934 1149 dicat
949 1088 1011 1150 sem
1036 1109 1070 1151 er
1084 1093 1198 1154 beatnn

315 1171 373 1233 esse
392 1173 567 1253 sapientem,
579 1176 624 1231 cui
636 1174 735 1232 dicere
746 1173 823 1245 lroc,
837 1175 861 1230 si
878 1173 935 1229 sibi
946 1113 1085 1231 conlate
1098 1175 1197 1245 vellet,

313 1273 375 1313 non
395 1255 511 1313 liceret:
540 1254 679 1332 quidnam
696 1251 863 1311 faciendum
876 1251 987 1327 estiis,
1002 1253 1195 1332 quinihiler·

313 1335 496 1418 petendum,
516 1334 586 1391 nihil
605 1337 633 1393 in
656 1334 742 1393 bonis
754 1334 941 1404 ducendum,
954 1335 1038 1414 quod
1051 1333 1195 1402 honestate

313 1435 427 1488 careat,
446 1413 625 1475 existimant?
644 1414 695 1474 Me
715 1415 834 1494 quidem
850 1412 967 1473 auslore
982 1416 1075 1473 etiam
1087 1413 1194 1497 Peripa·

312 1499 416 1566 retici,
439 1496 613 1575 veteresque
639 1497 811 1555 Academici
830 1496 973 1554 balbutire
996 1492 1131 1556 desinant
1152 1498 1193 1556 ali·

311 1578 451 1657 quando,
479 1579 654 1657 aperteque,
680 1578 712 1637 &
734 1577 811 1635 clarii
828 1594 908 1636 voce.
929 1575 1059 1635 audeant
1081 1579 1191 1649 dicere,
1229 1581 1232 1622 ἵ

310 1659 426 1720 beatam
439 1660 528 1715 vitam
547 1661 576 1715 in
591 1657 746 1715 Phalaridis
764 1675 879 1715 taurum
897 1653 1114 1718 descensuram.

352 1736 478 1797 XXVll
501 1736 565 1796 Sint
585 1738 663 1796 enirn
680 1739 747 1795 'tria
764 1757 872 1818 genera
892 1738 1062 1809 bonorum,
1085 1756 1118 1799 ut
1139 1736 1189 1818 jam
1225 1771 1230 1786 ·

311 1817 448 1900 {laqueis
463 1817 646 1889 Stoicorum,
666 1818 770 1897 quibus
788 1818 869 1876 usum
884 1836 933 1877 me
944 1818 1098 1897 pluribus,
1114 1820 1189 1901 quint¹
1222 1837 1225 1844 '

313 1898 411 1971 soleo,
433 1900 582 1980 intelligo,
595 1900 782 1966 recedamus:
803 1901 859 1957 sint
871 1896 936 1957 sanb
947 1899 998 1959 illa
1009 1900 1119 1982 genera
1137 1900 1189 1961 bo·

313 2002 434 2052 norum,
457 2002 469 2039 1
490 1982 559 2041 dum
571 1975 720 2062 corporis,
733 1980 765 2040 δι
785 1995 904 2039 externa
922 1978 1038 2058 jaceant
1052 1981 1148 2055 humi,
1163 1982 1188 2044 81
1214 1985 1225 2058 ἶ

309 2064 534 2132 tantummodo,
557 2063 624 2141 quia
638 2061 775 2120 sumenda
799 2060 880 2131 sunt,
896 2062 1083 2141 appellentur
1098 2062 1187 2122 bonai

312 2145 366 2202 ulia
378 2163 474 2203 autem
495 2144 543 2202 illa
560 2144 677 2216 divina,
693 2143 780 2221 longe
797 2142 911 2220 lateque
923 2142 952 2200 se
966 2143 1117 2222 pandant,
1133 2163 1188 2208 cor·
1221 2157 1225 2168 “

312 2225 428 2305 tumque
446 2227 632 2303 contingant,
656 2241 708 2293 ut,
728 2243 761 2281 ea
777 2224 826 2303 qui
844 2222 967 2302 adeptus
986 2226 1045 2302 sit,
1065 2245 1118 2283 cur
1130 2242 1186 2284 euru

310 2304 425 2363 beatum
447 2305 559 2369 modb,
584 2305 617 2365 &
638 2325 697 2362 non
717 2304 914 2362 beatissimum
936 2305 1025 2363 etiam
1051 2303 1204 2366 dixerim?-

310 2384 456 2444 Dolorem
470 2386 543 2443 verb
558 2383 669 2463 sapiens
687 2382 909 2443 extimescet?is
924 2386 1001 2442 eninr
1016 2385 1086 2445 huic
1104 2388 1187 2447 rnaxi·

308 2465 356 2524 nib
371 2464 680 2544 sententiarepugnar.
697 2463 775 2532 Nam
786 2481 886 2523 contra
898 2483 1027 2525 mortem
1048 2467 1186 2537 nostram,
1220 2509 1223 2514 -

309 2546 468 2626 contisque
493 2549 711 2625 agritudinenr‚
736 2545 909 2626 &reliquas
931 2547 1020 2606 animi
1045 2549 1187 2627 perturba·
1211 2595 1223 2626 ,.

306 2629 401 2688 tiones
424 2629 485 2686 satis
502 2625 559 2688 elle
572 2627 705 2686 videmur
726 2624 903 2707 superiorum
926 2627 1041 2694 dierum
1064 2629 1186 2711 disputa·
1212 2639 1217 2672 ²

306 2711 433 2768 tionibus
452 2712 571 2779 armati,
591 2709 621 2767 &
644 2707 745 2789 parari.
764 2707 861 2767 Dolor
881 2705 937 2767 effe
952 2707 1073 2769 videtur
1089 2712 1186 2771 acerri-

307 2811 370 2850 mus
390 2794 487 2850 virtuti
504 2788 694 2849 adversarius.
715 2787 741 2847 ls
757 2790 892 2847 ardentes
911 2787 990 2849 faces
1007 2791 1151 2852 intentat:
1166 2794 1184 2852 is

305 2869 522 2941 fortitudinem,
543 2870 770 2951 magnitudinem
790 2871 894 2941 anirni,
914 2870 1084 2949 patientiam
1098 2873 1127 2933 se
1141 2874 1186 2933 de·

305 2953 480 3012 bilitaturum
509 2952 642 3010 minatur.
678 2950 754 3009 Huic
781 2952 866 3031 igitur
886 2948 1054 3010 succumbet
1072 2953 1185 3015 virtusl
1216 2935 1225 3008 l

306 3034 372 3092 huic
384 3034 467 3091 beata
478 3032 609 3110 sapientis
620 3034 651 3091 dt
664 3029 817 3091 constantis
827 3032 880 3089 viri
891 3032 951 3090 vita
968 3031 1073 3092 cedet?
1087 3032 1185 3115 Quina

303 3130 402 3193 turpe,
423 3112 441 3171 ὃ
461 3115 500 3172 dii
522 3114 611 3176 boni!
632 3111 715 3171 Pueri
741 3111 889 3189 Spartiatae
912 3132 970 3171 non
996 3115 1184 3193 ingemiscunt
1224 3127 1229 3148 ¹

303 3195 460 3254 verberum
480 3193 584 3253 dolore
606 3193 711 3254 laniati.
738 3193 976 3252 Adolescentium
998 3212 1104 3275 greges
1134 3198 1183 3256 La·

301 3277 471 3337 cedemone
483 3275 606 3335 vidimus
624 3276 678 3355 ipsi
695 3274 1059 3335 incredibilicontentione
1072 3296 1181 3338 certan-

332 3416 349 3463 4
364 3401 517 3465 Acaniescsre.
535 3399 588 3450 Erre
605 3400 725 3460 tranqule.
759 3412 813 3449 tune
830 3400 996 3465 rumpentium
1008 3417 1053 3454 nos
1064 3404 1145 3469 predi,
1158 3407 1181 3457 dt

335 3463 727 3530 rDumcorpuris‚&c.l’ourvu
758 3465 841 3515 n'alent
866 3467 886 3515 le
913 3479 968 3516 nom
986 3468 1018 3517 de
1040 3469 1114 3532 bien,
1140 3485 1182 3539 que

299 3546 344 3597 que
356 3546 416 3584 cruri
426 3530 456 3582 du
468 3545 538 3599 corps
553 3530 578 3582 dc
591 3528 622 3581 dc
636 3529 659 3581 la
675 3529 725 3583 lor·
756 3544 828 3599 parce
842 3532 907 3599 qu’ils
922 3544 982 3584 nour
999 3533 1103 3590 sormi.

1139 3616 1180 3676 les,
