2817 4267
532 385 764 461 'Lattara
805 397 829 461 1.
1067 389 1148 483 '295

260 521 386 590 captam.
406 503 469 567 Cur
488 502 571 587 igitur
591 502 780 583 &Camillus
801 502 935 577 doleret,
957 503 982 565 si
1002 504 1065 566 haee
1085 508 1151 585 post

259 606 408 651 trecentos
431 590 463 648 &
483 588 687 669 quinquaginta
704 586 766 647 fere
784 608 876 646 annos
897 605 1039 648 eventura
1067 608 1151 668 puta·

238 678 239 682 ’
259 671 322 733 tet?
344 673 450 751 &ego
468 690 525 729 tur<
539 669 673 743 doleam,
691 669 715 727 si
727 668 763 728 ad
785 670 889 729 decem
905 668 993 729 millia
1006 691 1150 730 annorum

258 771 382 833 gentem
404 752 532 832 ¹aliquam
559 750 662 811 urbem
690 748 819 812 nostram
844 752 1000 831 potituram
1027 748 1151 833 puteani

259 834 341 915 Quia
354 850 434 893 tanta
444 834 545 893 caritas
560 834 658 913 pattiae
669 832 729 907 est,
746 851 777 893 ut
789 853 853 893 earn
870 853 929 893 non
940 831 1019 894 sensu
1029 832 1149 905 nostro,

257 915 310 977 sed
334 914 426 975 salute
442 916 531 995 ipsius
555 918 716 976 metiamur.

300 995 475 1059 XXXVlll.
503 995 605 1078 ltaque
624 1018 684 1059 non
709 996 839 1056 deterret
860 993 1019 1077 sapientem
1048 1016 1148 1070 mors,

255 1100 325 1161 quae
338 1094 461 1160 propter
478 1078 604 1139 incertos
627 1077 707 1138 casus
718 1078 849 1159 quotidie
861 1080 1013 1152 imminet,
1046 1098 1148 1161 ropter

257 1162 438 1222 brevitatem
456 1162 533 1221 «vitae
555 1179 703 1242 nunquam
724 1160 811 1241 longe
831 1157 926 1241 potest
954 1100 1067 1232 thetid,
1088 1162 1149 1242 qul>

259 1244 357 1303 minus
372 1241 402 1301 in
422 1260 511 1302 omne
530 1258 646 1323 tempus
663 1242 844 1322 Reipublicae
864 1240 975 1323 suisque
995 1240 1126 1302 consulat
1136 1243 1169 1314 ,·'

260 1324 292 1386 &
313 1321 514 1405 posteritatem
539 1323 651 1406 ipsam,
677 1322 758 1402 cujus
786 1321 899 1383 sensum
918 1322 1066 1382 habiturus
1088 1342 1150 1383 non

261 1408 318 1479 air,
339 1405 420 1467 adse
439 1424 520 1486 putet
538 1407 692 1487 pertinere.
715 1403 819 1485 Quare
832 1404 916 1477 licet,
938 1406 1023 1464 eriam
1039 1421 1148 1464 morta·

261 1488 319 1546 lem
350 1484 406 1548 elle
438 1489 565 1548 animum
586 1486 783 1565 judicantem,
814 1504 923 1546 aeterna
949 1487 1066 1559 moliri,
1087 1504 1149 1547 nott

261 1570 360 1649 gloriae
376 1569 534 1650 cupiditate
544 1590 653 1649 ,quarn
663 1568 791 1629 sensurus
803 1590 863 1628 non
877 1570 934 1641 sis3
951 1567 1001 1628 sed
1013 1570 1149 1641 virtutis,
1183 1597 1188 1650 .'

262 1664 348 1732 quam
376 1649 533 1711 netellarib
555 1652 665 1733 gloria,
692 1672 703 1710 1
729 1652 841 1713 etiamsi
859 1668 892 1712 tu
920 1650 950 1711 id
974 1670 1149 1735 nonages,

261 1730 461 1813 consequatur.
480 1733 590 1793 Natura
602 1734 676 1794 ¹veti>
694 1733 723 1793 se
737 1736 777 1794 sic
796 1733 884 1795 habet
902 1753 951 1804 ut,
976 1754 1036 1814 quo
1047 1733 1147 1794 modo

261 1815 371 1873 initium
392 1816 477 1875 nobis
508 1836 603 1875 rerum
628 1816 761 1875 omnium
789 1832 871 1873 ortus
898 1813 999 1875 noller
1026 1812 1148 1888 afferat,

262 1897 300 1955 sic
315 1898 423 1957 exitum
431 1897 589 1957 anors.'Ut
606 1897 674 1956 nihil
685 1896 823 1977 pertinuit
839 1894 875 1954 ad
886 1916 938 1954 nos
950 1911 1016 1954 ante
1032 1900 1148 1965 ortum,

261 1981 299 2036 sic
316 1979 385 2038 nihil
406 1978 470 2058 post
491 1997 617 2039 mortem
643 1977 810 2058 pertinebit.
828 1976 863 2036 ln
883 1996 942 2057 quo
963 1959 1033 2058 quid
1051 1975 1149 2055 potest

263 2058 317 2118 elle
332 2060 417 2121 mali?
438 2063 505 2120 citm
524 2081 603 2120 mors
623 2080 677 2120 nec
690 2060 728 2120 ad
747 2060 834 2119 vivos
855 2058 1012 2139 pertineat,
1033 2078 1088 2118 nee
1109 2056 1148 2119 ad

261 2161 409 2203 mortuos:
425 2144 506 2202 alteri
524 2142 594 2202 nulli
605 2139 686 2212 sunt,
708 2140 815 2201 alteros
828 2160 888 2200 non
907 2140 1030 2218 attingit.
1044 2137 1148 2219 Quam

238 2225 304 2301 ,qui
323 2223 467 2285 leviorem
487 2222 614 2299 faciunt,
640 2222 733 2285 somni
755 2220 929 2283 simillimam
952 2221 1057 2283 volunt
1080 2217 1148 2281 elle.

242 2298 244 2306 ¹
261 2303 353 2384 Quasi
369 2310 441 2369 veri)
464 2304 614 2389 quisquam
632 2308 670 2369 ita
691 2309 845 2391 nonaginta
862 2327 952 2370 annos
972 2304 1047 2371 velit
1060 2304 1148 2369 ritte-

259 2409 308 2464 re‚
325 2408 375 2462 ut,
397 2391 466 2449 eitrn
488 2387 635 2472 sexaginta
658 2387 837 2464 confecerit,
864 2392 992 2474 reliquos
1011 2390 1147 2452 dormiat.

259 2468 303 2531 Ne
322 2472 385 2531 sues
403 2469 522 2549 quidem
538 2474 568 2531 id
582 2473 684 2532 velint.
702 2470 874 2552 Endymion
892 2474 984 2542 verb,
997 2475 1021 2532 si
1032 2472 1146 2535 fabulas

256 2544 355 2618 audire
369 2552 525 2621 volumus,
548 2550 644 2611 nescio
658 2554 775 2633 quando
795 2556 824 2611 in
837 2554 938 2614 Latmo
951 2552 1146 2638 obdormivit,

255 2636 304 2713 qui
316 2633 357 2689 est
370 2653 453 2690 mons
463 2630 556 2691 Cariae
568 2656 576 2693 :
587 2634 738 2703 nondum,
754 2636 860 2717 opinor
873 2682 882 2710 ‚
896 2629 1150 2719 est'expertedlust'

255 2714 334 2774 Num
355 2715 441 2795 igitur
457 2733 524 2774 eum
542 2734 642 2774 curare
657 2716 778 2792 censer,
801 2739 817 2777 2
831 2717 897 2777 cum
911 2716 992 2778 Luna
1011 2721 1124 2787 laboret
1130 2772 1142 2801 ‚

254 2794 269 2857 ὲ
291 2816 347 2876 qua
366 2794 536 2874 ‚consopitus
556 2813 691 2877 putatur,
714 2815 743 2860 ut
761 2819 828 2860 eum
845 2798 1040 2862 dorinientem
1061 2806 1142 2867 oscu·

254 2877 376 2937 latetur?
405 2876 489 2958 Quid
510 2898 591 2940 curer
613 2894 729 2955 autem,
752 2882 801 2963 qui
824 2901 862 2943 ne
886 2881 970 2945 sentit
995 2885 1140 2968 quidem?

254 2958 348 3019 Habes
371 2959 504 3020 somnum
525 2964 679 3045 imaginem
708 2964 832 3039 mortis,
856 2987 981 3048 eamque
1007 2970 1141 3047 quotidie

255 3042 366 3102 induis:
389 3043 421 3103 ὅ(
439 3043 571 3117 dubitas,
596 3050 663 3126 quin
683 3044 780 3107 sensus
805 3049 834 3108 in
853 3066 949 3109 morte
966 3050 1061 3112 nullus
1082 3053 1137 3125 tit,

254 3123 315 3182 tium
339 3125 368 3181 in
390 3122 451 3198 eius
475 3126 629 3186 simulacro
641 3129 745 3189 ‘videas
760 3127 816 3192 elle
836 3129 973 3191 nullum?

291 3204 434 3265 XXXIX.
450 3206 596 3268 Pellantur
613 3230 682 3292 ergo
703 3209 762 3270 illae
785 3213 901 3291 ineptiae
921 3213 1003 3294 paene
1027 3214 1137 3288 aniles,

253 3303 315 3347 anre
336 3307 451 3367 ternpus
471 3291 547 3350 mori
566 3290 703 3353 miserum
721 3290 787 3353 esse.
808 3291 903 3373 Quod
926 3295 1043 3362 taudem
1061 3313 1136 3358 tent·

250 3424 254 3428 ’
284 3413 675 3483 tErantfirnidnonagasQuoi-
741 3418 828 3477 actim
840 3420 908 3469 Luna
923 3412 1020 3479 ldboret.
1033 3422 1135 3494 Letique

250 3491 291 3539 que
303 3493 361 3527 vous
373 3493 401 3528 ne
421 3478 493 3544 l’ayez
507 3496 618 3548 pastinat
633 3484 675 3535 but
703 3482 728 3534 la
747 3482 809 3548 Lune
831 3485 947 3552 s'eclpse.
1017 3513 1030 3540 ι

249 3542 452 3617 detortitium.
668 3574 670 3577 ·
771 3557 774 3561 ’
880 3595 926 3678 N}

858 3677 861 3682 .
920 3638 951 3682 tt
